@STRING{ACTANUMERICA   = "Acta Numerica"}
@STRING{ACTAARITH      = "Acta Arith."}
@STRING{ADDWESLEY      = "Addison-Wesley Publishing Co."}
@STRING{AIF            = "Ann. Inst. Fourier (Grenoble)"}
@STRING{ALGNT          = "Algebra Number Theory"}
@STRING{AMERJMATH      = "Amer. J. Math."}
@STRING{ADVAPPLMATH    = "Adv. Appl. Math."}
@STRING{AMS            = "American Mathematical Society"} 
@STRING{APPNUMERMATH   = "Appl. Numer. Math."}
@STRING{ARMA           = "Arch. Ration. Mech. Anal."}
@STRING{ASTER          = "Ast{\'e}risque"}
@STRING{BOURAST            = "{\it S{\'e}minaire Bourbaki}  Ast{\'e}risque"}
@STRING{BIRKHAUSER     = "Birk{\"a}user"}
@STRING{BULLAUSTR = "Bull. Austral. Math. Soc."}
@STRING{BULLLONDON = "Bull. London Math. Soc."}
@STRING{BULLSMF        = "Bull. Soc. Math. France"}
@STRING{CALCOLO        = "Calcolo"}
@STRING{CANADMATH      = "Canad. Math. Bull."}
@STRING{CMH            = "Comment. Math. Helv."}
@STRING{COMPMECH       = "Comp. Mech."}
@STRING{CR             = "C. R. Acad. Sci. Paris, S\'er. I"}
@STRING{COMPOSITIO     = "Compositio Math."}
@STRING{CMA            = "Comput. Math. Appl."}
@STRING{CMAME          = "Comput. Methods Appl. Mech. Engrg."}
@STRING{DEBRECEN       = "Publ. Math. Debrecen"}
@STRING{DOKLSSSR       = "Dokl. Akad. Nauk SSSR"}
@STRING{EASTWEST       = "East West J. Num. Math."}
@STRING{FEAD           = "Finite Elements in Analysis and Design"}
@STRING{FININFINITE    = "Finite and Infinite Mathematics"}
@STRING{IJNME          = "Internat. J. Numer. Methods Engrg."}
@STRING{IJNMF          = "Internat. J. Numer. Methods in Fluids"}
@STRING{IMAJNA         = "IMA J. Numer. Anal."}
@STRING{IMRN           = "Internat. Math. Res. Notices"}
@STRING{IMRN2          = "Int. Math. Res. Not. IMRN"}
@STRING{JAG            = "J. Algebraic Geom."}  
@STRING{JAMS           = "J. Amer. Math. Soc."}
@STRING{JIMJ           = "J. Inst. Math. Jussieu"}
@STRING{JLMS           = "J. London Math. Soc. (2)"}
@STRING{JMPA           = "J. Math. Pures Appl."}
@STRING{ASNSP          = "Ann. Scuola Norm. Sup. Pisa"}
@STRING{ASNSP4         = "Ann. Scuola Norm. Sup. Pisa Cl. Sci. (4)"}
@STRING{ASNSP5         = "Ann. Scuola Norm. Super. Pisa Cl. Sci. (5)"}
@STRING{JCP            = "J. Comput. Phys."}
@STRING{JHUP           = "Johns Hopkins Univ. Press"}
@STRING{JNUMBTHEORY    = "J. Number Theory"}
@STRING{JSC            = "J. Sci. Comput."}
@STRING{JWS            = "John Wiley \& Sons"}
@STRING{MATHANN        = "Math. Ann."}
@STRING{MATHCOMP       = "Math. Comp."}
@STRING{M2AS           = "Math. Models Appl. Sci."}
@STRING{M3AS           = "Math. Models Methods Appl. Sci."}
@STRING{MEMSMF         = "M\'emoires de la S.M.F."}
@STRING{MHM            = "Monatsh. Math."}
@STRING{MMJ            = "Michigan Math. J."}
@STRING{MRL            = "Mathematical Research Letters"}
@STRING{MS             = "Math. Scand."}
@STRING{NUMMA          = "Numer. Math."}
@STRING{NUMMETHPDE     = "Num. Meth. Part. Diff. Eqs."}
@STRING{PROCCAMB       = "Math. Proc. Camb. Phil. Soc."}
@STRING{PUP            = "Princeton University Press"}
@STRING{RAIRO          = "RAIRO Mod\'el. Math. Anal. Num\'er. "}
@STRING{RAMANJOUR      = "Ramanujan J."}
@STRING{REINANW        = "J. Reine Angew. Math."}
@STRING{SIAMSCISTATCOMP= "SIAM J. Sci. Stat. Comput."}
@STRING{SINUM          = "SIAM J. Numer. Anal."}
@STRING{SIMATH         = "SIAM J. Math. Anal."}
@STRING{SIREV          = "SIAM Review"}
@STRING{SISC           = "SIAM J. Sci. Comput."}
@STRING{SOVIETDOKL     = "Soviet Math. Dokl."}
@STRING{TAMS           = "Trans. Amer. Math. Soc."}
@STRING{NUMMA          = "Numer. Math."}
@STRING{INVMATH        = "Invent. Math."}
@STRING{DUKE           = "Duke Math. J."}
@STRING{ANNMATH        = "Ann. of Math. (2)"}
@STRING{PANT = "Proceedings Algebraic Number Theory and Diophantine
Approximation Conference, Graz, 1998"}

@STRING{AP       = "Academic Press"}
@STRING{CUP      = "Cambridge University Press"}
@STRING{OUP      = "Oxford University Press"}
@STRING{SPRINGER = "Springer"}
@STRING{WALTER = "Walter de Gruyter"}

@STRING{DGM="Discontinuous Galerkin Methods: Theory, Computation and Applications"}
@STRING{DGMref="Lect. Notes Comput. Sci. Eng."}
@STRING{FUNCANALAPPL = "Functional Anal. Appl."}

@STRING{PREPRINT = "Preprint."}
@STRING{MANUSCRIPT = "Manuscript."}
@article{AlonsoValli99,
  author = "A.~Alonso and A.~Valli",
  title  = "An optimal domain decomposition preconditioner for low-frequency
            time-harmonic {M}axwell equations",
  journal = MATHCOMP,
  volume  = "68",
  pages   = "607--631",
  year    = "1999"
}

@article{AmroucheBernardiDaugeGirault98,
  author  = "C.~Amrouche and C.~Bernardi and M.~Dauge and V.~Girault",
  title   = "Vector potentials in three-dimensional non-smooth domains",
  journal = M2AS,
  volume  = "21",
  year    = "1998",
  pages   = "823--864"
}


@article{ArmeroSimo96,
  author = "F. Armero and J.C. Simo",
  title  = "Long-term dissipativity of time-stepping algorithms for an
            abstract evolution equation with applications to the incompressible
            {MHD} and {N}avier-{S}tokes equations",
  journal = CMAME,
  volume  = 131,
  pages   = "41--90",
  year    = 1996
}


@incollection{BrezziFortin91,
author    = "F. Brezzi and M. Fortin",
title     = "Mixed and hybrid finite element methods",
booktitle = "{S}pringer {S}eries in {C}omputational {M}athematics",
volume    = "15",
publisher = SPRINGER,
address   = "New York",
year      = "1991"
}


@book{Ciarlet78,
author    = "P.G.~Ciarlet",
title     = "{T}he {F}inite {E}lement {M}ethod for {E}lliptic {P}roblems",
publisher = "North--Holland",
address   = "Amsterdam",
year      = "1978"
}


@article{DemkowiczVardapetyan1,
  author = {L.~Demkowicz and L.~Vardapetyan},
  title  = {Modeling of electromagnetic absorption/scattering problems using $hp$--adaptive finite elements},
  journal = CMAME,
  volume  = 152,
  pages   = "103--124",
  year    = 1998
}

@article{FernandesGilardi97,
  author = "P. Fernandes and G. Gilardi",
  title  = "Magnetostatic and electrostatic problems in inhomogeneous
            anisotropic media with irregular boundary and mixed boundary
            conditions",
  journal = M3AS,
  volume  = 7,
  pages   = "957--991",
  year    = 1997
}



@article{Gerbeau2000,
  author = "J.-F. Gerbeau",
  title  = "A stabilized finite element method for the incompressible
            magnetohydrodynamic equations",
  journal = NUMMA,
  volume  = 87,
  pages   = "83--111",
  year    = 2000
}


@book{GiraultRaviart86,
author    = "V. Girault and P.A. Raviart",
title     = "Finite element methods for {N}avier-{S}tokes equations",
publisher = SPRINGER,
address   = "New York",
year      = "1986"
}


@article{GunzburgerMeirPeterson91,
  author = "M.D. Gunzburger and A.J. Meir and J.S. Peterson",
  title  = "On the existence and uniqueness and finite element approximation
            of solutions of the equations of stationary incompressible
            magnetohydrodynamics",
  journal = MATHCOMP,
  volume  = 56,
  pages   = "523--563",
  year    = 1991
}

@article{Hiptmair02,
  author = "R. Hiptmair",
  title  = "Finite elements in computational electromagnetism",
  journal = ACTANUMERICA,
  volume = 11,
  year = 2002, 
  pages = "237--339"
}


@ARTICLE{Nedelec80,
	AUTHOR = {J.C. N\'{e}d\'{e}lec},
	TITLE = {Mixed finite elements in $\mathbb{R}^3 $},
	JOURNAL = NUMMA,
	YEAR = {1980},
	VOLUME = {35},
	PAGES = { 315--341}
}

@ARTICLE{Nedelec82,
	AUTHOR = {J.C. N\'{e}d\'{e}lec},
	TITLE = {{\'El\'ements} finis mixtes incompressibles pour
                 l'\'equation de {S}tokes dans $\mathbb{R}^3 $},
	JOURNAL = NUMMA,
	YEAR = {1982},
	VOLUME = {39},
	PAGES = { 97--112}
}

@ARTICLE{Nedelec86,
	AUTHOR = {J.C. N\'{e}d\'{e}lec},
	TITLE = {A new family of mixed finite elements in $\mathbb{R}^3 $},
	JOURNAL = NUMMA,
	YEAR = {1986},
	VOLUME = {50},
	PAGES = { 57--81}
}



@book{Temam84,
  author = "R. T\'{e}man",
  title  = "{N}avier-{S}tokes equations: {T}heory and numerical analysis",
  publisher = "North-Holland",
  address = "Amsterdam",
  year = 1984
}



@article{VardapetyanDemkowicz2,
author = "L.~Vardapetyan and L.~Demkowicz",
title  = "$hp$-adaptive finite elements in electromagnetics",
  journal = CMAME,
  year = 1999,
  volume = 169,
  pages = {331--344}
}


@article{CostabelDauge,
author = "M.~Costabel and M.~Dauge",
title  = "Weighted Regularization of Maxwell Equations in Polyhedral Domains",

}

@article{Jstor,
author = "Max D. Gunzburger, Amnon J. Meir, Janet S. Peterson",
title  = "On the Existence, Uniqueness, and Finite Element Approximation of Solution of the Equations of Stationary
, Incompressible Magnetohydrodynamics.",
  journal = CMAME,
  year = 1991,
  volume = 56,
  pages = {523--563}
}

@article{CZ,
author = "P.B.~Cohen and U.~Zannier",
title  = "{M}ultiplicative dependence and bounded height, an example",
journal = "Proceedings of the Algebraic Number Theory and Diophantine
Approximation Conference, Graz, 1998",
year = "Walter de Gruyter, 2000",
 pages = "93--101"
}
@article{BMZ,
author = "E.~Bombieri and D.~W.~Masser and U.~Zannier",
title  = "{I}ntersecting a curve with algebraic subgroups of
multiplicative groups",
 journal = IMRN,
 number = 20,
 pages = "1119--1140",
  year = 1999,
}
@article{MW,
author = "D.~W.~Masser and G.~W{\"u}stholz",
title  = "{F}ields of large transcendence degree generated by values of elliptic
functions",  journal = INVMATH,
 volume = 72,
 pages   = "407--464",
 
 number = "3",
 year = 1983,
}
@article{BSUE,
author = "Y.~Bugeaud and K.~Gy\H{o}ry",
title  = "{B}ounds for the solutions of unit equations",
 journal = ACTAARITH,
 volume = 74,
 pages   = "67--80",
 year = 1996,
}
@book{Silverman:AEC,
author = "J.~H.~Silverman",
title = "The {A}rithmetic of {E}lliptic {C}urves",
publisher = SPRINGER,
year = 1986
}
@book{DG2000,
author    = "M.~Hindry and J.~H.~Silverman",
title     = "{D}iophantine {G}eometry {A}n {I}ntroduction",
publisher = SPRINGER,
year      = 2000
}
@book{LangAlgebra,
author = "S.~Lang",
title = "{A}lgebra",
publisher = SPRINGER,
year = 2002
}
@book{FoDG,
author = "S.~Lang",
title="{F}undamentals of {D}iophantine {G}eometry",
publisher = SPRINGER,
year = 1983
}
@book{Cassels,
author = "J.W.S.~Cassels",
title="{A}n {I}ntroduction to {D}iophantine {A}pproximation",
publisher = CUP,
year = 1957
}
@book{UA,
author = "S.~Lang",
title="{U}ndergraduate {A}nalysis",
publisher = Springer,
year = 1989
}
@book{ANT,
author = "S.~Lang",
title="{A}lgebraic {N}umber {T}heory",
publisher = Springer,
year = 1994
}
@book{ItCF,
author = "L.C.~Washington",
title="{I}ntroduction to {C}yclotomic {F}ields",
publisher = Springer,
year = 1982
}
@book{UsAlGeo,
author = "D.~Cox and J.~Little and D.~O'Shea",
title = "{U}sing {A}lgebraic {G}eometry",
publisher = Springer,
year = 1998
}
@book{Convexity,
author = "R. Webster",
title  = "Convexity",
year = "1994",
publisher = "??? Oxford Science Publications ???"
}
@book{CommAlg,
author = "D.~Eisenbud",
title = "{C}ommutative {A}lgebra with a {V}iew {T}oward {A}lgebraic {G}eometry",
year = "1995",
publisher = "Springer"
}

@book {Fulton,
    AUTHOR = {W.~Fulton},
     TITLE = {Intersection theory},
    SERIES = {Ergebnisse der Mathematik und ihrer Grenzgebiete. 3. Folge. A
              Series of Modern Surveys in Mathematics [Results in
              Mathematics and Related Areas. 3rd Series. A Series of Modern
              Surveys in Mathematics]},
    VOLUME = {2},
   EDITION = {Second},
 PUBLISHER = {Springer-Verlag, Berlin},
      YEAR = {1998}
}
@article{SUE,
title = "S-unit equations and their applications",
journal = "New {A}dvances in {T}ranscendence {T}heory edited by {A}.~{B}aker",
pages = "110--174",
publisher = CUP,
yead = 1998
}
@article{Evertse,
author = "J.~H.~Evertse",
title = "On equations in {S}-units and the {T}hue-{M}ahler equation",
journal = INVMATH,
year = 1984,
volume = 75,
pages = "561--584"
}
@article{RegFormulas,
author = "E.~Friedman",
title = "{A}nalytic formulas for the regulator of a number field",
journal = INVMATH,
year = 1989,
volume = 98,
pages ="599--622"
}
@article{SharpNullstellenSatz,
author = "T.~Krick and L.M.~Pardo and M.~Sombra",
title = "{S}harp estimates for the arithmetic {N}ullstellensatz",
journal = DUKE,
year = 2001,
volume = 109,
pages = "521--598"
}
@article{EqFinGenGroups,
author = "F.~Beukers and H.P.~Schlickewei",
title = "{T}he equation $x+y=1$ in finitely generated groups",
journal = ACTAARITH,
year = 1996,
volume = 78,
pages = "189--199"
}

@article{NumbRoots,
author = "D.N.~Bernshtein",
title = "The number of roots of a system of equations",
journal = FUNCANALAPPL,
year = 1976,
volume = 9,
pages = "183--185"
}

@article {Faltings:DAAV,
    AUTHOR = {G.~Faltings},
     TITLE = {Diophantine approximation on abelian varieties},
   JOURNAL = {Ann. of Math. (2)},
    VOLUME = {133},
      YEAR = {1991},
    NUMBER = {3},
     PAGES = {549--576}
}
@article{ZhangArVar,
author = "S.~Zhang",
title = "Positive line bundles on arithmetic varieties",
journal = JAMS,
year = 1995,
volume = 8,
number = 1,
pages = "187--221"
}
@article{ZhangEquidist,
author = "S.~Zhang",
title = "Equidistribution of small points on abelian varieties",
journal = ANNMATH,
volume = 147,
year = 1998,
pages = "159--165",
number = 1
}
@article{ZhangSmallPts,
author = "S.~Zhang",
title = "{S}mall points and adelic metrics",
journal = JAG,
volume = 4,
year = 1995,
number = 2,
pages = "281--300"
}
@article{Ullmo,
author = "E.~Ullmo",
title = "Positivit\'e et discr\`etion des points alg\'ebriques des courbes",
journal = ANNMATH,
volume = 147,
year = 1998,
pages = "167--179",
number = 1
}
@article{MinorTore,
author = "F.~Amoroso and S.~David",
title = "Minoration de la hauteur normalis\'ee dans un tore",
journal = JIMJ,
year = 2003,
volume = 2,
number = 3,
pages = "335--381"
}
@article{DistrPoints,
author = "F.~Amoroso and S.~David",
title = "Distribution des points de petite hauteur dans les groupes multiplicatifs",
journal = ASNSP5,
year = 2004,
volume = 3,
number = 2,
pages = "325--348"
}
@article{ADDensMultIndep,
author = "F.~Amoroso and S.~David",
title = "Densit\'e des points \`a coordonn\'ees Multiplicativement Ind\'ependantes",
journal = RAMANJOUR,
year = 2001,
volume = 5,
pages = "237--246"
}
@article{MinorSousVarieties,
author = "S.~David and P.~Philippon",
title = "Minorations des hauteurs normalis{\'e}es des sous-vari{\'e}t{\'e}s des tores",
journal = ASNSP,
year = 1999,
pages = "489--543",
volume = 28,
}
@article{Philippon,
author = "P.~Philippon",
title = "{L}emmes de z{\'e}ros dans les groupes alg{\'e}briques commutatifs",
journal = BULLSMF,
year = 1986,
pages = "355-383",
volume = 114
}
@article{HauteursAlt3,
author = "P.~Philippon",
title = "Sur des hauteurs alternatives {III}",
journal = JMPA,
year = 1995,
pages = "345--365",
volume = 74
}
@article {HauteursAlt2,
    AUTHOR = {P.~Philippon},
     TITLE = {Sur des hauteurs alternatives. {II}},
   JOURNAL = {Ann. Inst. Fourier (Grenoble)},
  FJOURNAL = {Universit\'e de Grenoble. Annales de l'Institut Fourier},
    VOLUME = {44},
      YEAR = {1994},
    NUMBER = {4},
     PAGES = {1043--1065}
}

@inbook{PointsTori,
author = "J.~H.~Evertse",
title = "Points on subvarieties of tori",
journal = "A panorama of number theory or the view from Baker's garden (Z{\"u}rich, 1999)",
year = 2002,
pages = "214--230",
publisher = "Cambridge Univ. Press"
}

@article{LowerBoundsFinGen,
author = "H.P.~Schlickewei",
title = "Lower bounds for heights on finitely generated groups",
year = 1997,
journal = MHM,
pages = "171--178",
volume = 123,
number = 2
}
@article{RV,
author = "G.~R{\'e}mond and E.~Viada",
title = "Probl\`eme de {M}ordell-{L}ang modulo certaines sous-vari\'et\'es ab\'eliennes",
year = 2003,
journal = IMRN,
volume = 35,
pages = "1915--1931"
}
@book{PosAlgGeom,
author = "R.~Lazarsfeld",
title = "{P}ositivity in {A}lgebraic {G}eometry {I}",
year = "2004",
publisher = "Springer"
}
@book{CAS,
author = "H.~Grauert and R.~Remmert",
title = "{C}oherent {A}nalytic {S}heaves",
year = "1984",
publisher = "Springer"
}
@book{BG,
author = "E.~Bombieri and W.~Gubler",
title = "{H}eights in {D}iophantine {G}eometry",
publisher = CUP,
year = "2006"
}
@phdthesis{Habegger:PhD,
author = "P.~Habegger",
title = "Heights and multiplicative relations on algebraic varieties",
journal = "{P}h.{D}. {T}hesis",
year = 2007
}
@phdthesis{Kirby,
author = "J.~Kirby",
title = "{T}he {T}heory of {E}xponential {D}ifferential {E}quations",
journal = "{P}h.{D}. {T}hesis",
year = 2006
}
@article{Ax72,
author = "J.~Ax",
title = "{S}ome topics in differential algebraic geometry {I}: {A}nalytic subgroups of algebraic groups",
year = 1972,
volume = 94,
pages = "1195--1204",
journal = AMERJMATH
}
@book{CAV,
author = "C.~Birkenhake and H.~Lange",
title = "{C}omplex {A}belian {V}arieties",
year = 2004,
publisher = "Springer"
}
@article{Viada,
    AUTHOR = {E.~Viada},
     TITLE = {The intersection of a curve with algebraic subgroups in a
              product of elliptic curves},
   JOURNAL = {Ann. Sc. Norm. Super. Pisa Cl. Sci. (5)},
    VOLUME = {2},
      YEAR = {2003},
    NUMBER = {1},
     PAGES = {47--75}
}

@article{RemondInterI,
author = "G.~R{\'e}mond",
title = "{I}ntersection de sous-groupes et de sous-vari\'et\'es {I}",
journal = MATHANN,
year = 2005,
pages = "525--548",
volume = 333,
number = 3 
}
@article{RemondInterII,
author = "G.~R{\'e}mond",
title = "{I}ntersection de sous-groupes et de sous-vari\'et\'es {II}",
journal = JIMJ,
year = 2007,
volume = 6,
number = 2,
pages = "317--348"
}
@article{Ratazzi08,
    AUTHOR = {N.~Ratazzi},
     TITLE = {Intersection de courbes et de sous-groupes et probl\`emes de
              minoration de derni\`ere hauteur dans les vari\'et\'es
              ab\'eliennes {C}.{M}},
   JOURNAL = {Ann. Inst. Fourier (Grenoble)},
    VOLUME = {58},
      YEAR = {2008},
    NUMBER = {5},
     PAGES = {1575--1633}
}
@article{RatazziSemiLehmer,
author = "N.~Ratazzi",
title = "{M}inoration de la hauteur sur les vari\'et\'es ab\'eliennes de type {C}.{M}. et applications",
journal = "Submitted",
year = "Dec. 2004"
}
@article{Kolchin,
author = "E.R.~Kolchin",
title = "{A}lgebraic groups and algebraic dependence",
journal = AMERJMATH,
pages = "1151--1164",
volume = 90,
year = 1968
}
@article{BMZGeometric,
author = "E.~Bombieri and D.W.~Masser and U.~Zannier",
title = "Anomalous {S}ubvarieties - {S}tructure {T}heorems and {A}pplications",
journal = IMRN2,
year = 2007,
pages = "1--33",
number = 19
}
@article{BMZPlanes,
author = "E.~Bombieri and D.W.~Masser and U.~Zannier",
title = "Intersecting a plane with algebraic subgroups of multiplicative
groups",
journal = ASNSP5,
year = 2008,
pages = "51--80",
volume = 7
}
@article{MasserCountPts,
author = "D.W.~Masser",
title = "Counting points of small height on elliptic curves",
journal = BULLSMF,
pages = "247--265",
volume = "117",
number = "2",
year = "1989"
}
@article{BV,
author = "E.~Bombieri and J.~Vaaler",
title = "On {S}iegel's lemma",
journal = INVMATH,
volume = "73",
number = "1",
pages = "11-32",
year = "1983"
}

@article{Mignotte,
author = "M.~Mignotte",
title = "Sur un th\'eor\`eme de {M}.~{L}angevin",
journal = ACTAARITH,
year = 1989,
volume = 54,
pages = "81--86"
}
@article{Bilu,
author = "Y.~Bilu",
title = "Limit distribution of small points on algebraic tori",
journal = DUKE,
year = 1997,
pages = "465--476",
volume = 89,
number = 3
}
@article{Northcott,
author =  "D.G.~Northcott",
title = "An inequality in the theory of arithmetic on algebraic varieties",
journal = PROCCAMB,
volume = 45,
year = 1949,
pages = "502--509 and 510--518"
}
@article{MasserCounting,
author ="D.W.~Masser",
title = "Counting points with multiplicatively dependent coordinates on a curve",
journal = "In Diophantine Geometry, Scuola Normale Superiore. Serie
CRM. Vol. 4",
year = "2007"
}
@article{Zagier,
author = "D.~Zagier",
title = "Algebraic numbers close to both $0$ and $1$",
journal = MATHCOMP,
year = 1993,
volume = 61,
number = 203,
pages = "485--491"
}
@article{Smyth,
author = "C.J.~Smyth",
title = "On the product of the conjugates outside the unit circle of an 
algebraic integer",
journal = BULLLONDON,
year = 1971,
pages = "169--175",
volume = 3
}
@article{SmythMahler,
author = "C.J.~Smyth",
title = "On measures of polynomials in several variables",
year = 1981,
pages = "49--63",
volume = 23,
journal = BULLAUSTR
}
@article{Tverberg,
author = "{H}.~{T}verberg",
title = "On the irreducibility of the trinomials $x^n\pm x^m \pm 1$",
journal = MS,
year = "1960",
pages = "121--126",
volume = 8
}
@book{Schinzel,
author="A.~Schinzel",
title="Polynomials with special regard to reducibility. {W}ith an appendix by {U}mberto {Z}annier",
year = 2000,
series = "Encyclopedia of {M}athematics and its {A}pplications, vol. 77",
publisher = CUP
}
@book{MetricNT,
author="G.~Harman",
title = "Metric Number Theory",
year = 1998,
publisher = OUP
}
@article{BMSprindzhuk,
author = "Y.F.~Bilu and D.W.~Masser",
title = "{A} quick proof of {S}prindzhuk's decomposition theorem",
journal = "Bolyai Soc. Math. Stud.",
volume = 15,
year = "2006"
}
@article{RTAbsSiegel,
author = "D.~Roy and J.L.~Thunder",
title = "{A}n absolute {S}iegel's lemma",
year = 1996,
pages = "1--26",
journal = REINANW,
volume = 476
}
@article{RTAbsSiegelErrat,
author = "D.~Roy and J.L.~Thunder",
title = "{A}ddendum and erratum to: {``}{A}n absolute {S}iegel's lemma{''}",
year = 1999,
pages = "47--51",
journal = REINANW,
volume = 508
}
@book{IntroAlgFunctions,
author = "C.~Chevalley",
title ="Introduction to the Theory of Algebraic Functions of one Variable",
year = 1951,
publisher = AMS 
}
@article{Ljunggren,
author = "W.~Ljunggren",
title = "On the irreducibility of certain trinomials and quadrinomials",
year = "1960",
pages = "65--70",
journal = MS,
volume = 8
}
@article{Boyd,
author = "D.W.~Boyd",
title = "Uniform approximation to Mahler's measure in several variables",
year = "1998",
pages = "125--128",
journal = CANADMATH,
volume = 41,
number = 1
}
@article{BZ,
author = "E.~Bombieri and U.~Zannier",
title = "Algebraic {P}oints on {S}ubvarieties of $\mathbf{G}^n_m$",
year = "1995",
pages = "333--347",
journal = IMRN,
volume = 7
}
@article{Lawton,
author = "W.M.~Lawton",
title = "A {P}roblem of {B}oyd concerning {G}eometric {M}eans of {P}olynomials",
year = "1983",
pages = "356--362",
journal = JNUMBTHEORY,
volume = 16
}
@article{Poonen,
author = "B.~Poonen",
title = "Mordell-{L}ang plus {B}ogomolov",
year = "1999",
pages = "413--425",
journal = INVMATH,
volume = 137,
number = 2
}
@article{RemondApproxSemiAb,
author = "G.~R{\'e}mond",
title = "Approximation diophantienne sur les vari\'et\'es semi-ab\'eliennes",
year = "2003",
pages = "191--212",
journal = ASNSP,
volume = 36,
number = 2
}
@article{Walsh,
author="P.G.~Walsh",
title="{A} quantitative version of {R}unge's theorem on diophantine equations",
year = "1992",
pages = "157--172",
journal = ACTAARITH,
volume = 62,
}
@article{Poulakis,
author = "D.~Poulakis",
title = "{I}nteger points on rational curves with fixed gcd",
year = "2004",
pages = "369--379",
journal = DEBRECEN,
volume = 64
}
@article{Abouzaid,
author = "M.~Abouzaid",
title = "{H}eights and logarithmic gcd on algebraic curves",
journal = "Preprint",
year = "Oct. 3rd 2006"
}
@article{Runge,
author = "C.~Runge",
title = "{U}eber ganzzahlige {L}{\"o}sungen von Gleichungen zwischen 
zwei Ver{\"a}nderlichen",
journal = REINANW,
year = "1887",
pages = "425--435",
volume = 100
}
@article{BombieriWeilDecomp,
author = "E.~Bombieri",
title = "{O}n {W}eil's {"}th{\'e}or{\`e}me de d{\'e}composition{"}",
journal = AMERJMATH,
year = "1983",
pages = "295--308",
volume = 105,
number = 2
}
@article{Sprindzhuk1,
author = "V.G.~Sprindzhuk",
title = "{H}ilbert's irreducibility theorem and rational points on algebraic curves. ({R}ussian)", 
journal = DOKLSSSR,
year = "1979",
pages = "285--289",
volume = 247,
number = 2
}
@article{Sprindzhuk1Eng,
author = "V.G.~Sprindzhuk",
title = "{H}ilbert's irreducibility theorem and rational points on
algebraic curves. ({E}nglish)",
journal = SOVIETDOKL,
year = "1979",
pages = "701--705",
volume = 20,
number = 4
}
@article{BGS,
author = "J.-B.~Bost and H.~Gillet and C.~Soul{\'e}",
title = "{H}eights of projective varieties and positive {G}reen forms",
journal = JAMS,
year = "1994",
pages = "903--1027",
volume = 7,
number = 2
}
@article{DPTores,
author = "S.~David and P.~Philippon",
title = "{M}inorations des hauteurs normalis{\'e}es des sous-vari{\'e}t{\'e}s des tores",
 journal = ASNSP4,
 year = 1999,
 pages = "489--543",
 volume = 28,
 number = 3
}
@book{Shafarevich,
author = "I.R.~Shafarevich",
title = "{B}asic {A}lgebraic {G}eometry {I}",
year = 1994,
publisher = SPRINGER
}
@book{Weyl,
author = "H.~Weyl",
title = "{T}he {C}lassical {G}roups, their {I}nvariants and {R}epresentations",
publisher = PUP,
year = 1946,
series = "{P}rinceton {M}athematical {S}eries",
number = 1
}
@article{Pink,
author = "R.~Pink",
title = "{A} {C}ommon {G}eneralization of the {C}onjectures of {A}ndr\'e-{O}ort, {M}anin-{M}umford, and {M}ordell-{L}ang",
journal = "Preprint",
year = "2005",
pages ="13pp"
}

@phdthesis{PinkThesis,
	Author = {Pink, R.},
	Date-Added = {2014-03-01 22:39:27 +0000},
	Date-Modified = {2014-03-01 22:39:27 +0000},
	School = {Bonner Mathematische Schriften},
	Title = {Arithmetical compactification of mixed {S}himura varieties},
	Year = {1989}
}


@article{Zilber,
author = "B.~Zilber",
title = "{E}xponential sums equations and the {S}chanuel conjecture",
journal = JLMS,
year = 2002,
pages = "27--44",
volume = 65,
number = 1
}



@article{BMZ2,
author = "E.~Bombieri and D.W.~Masser and U.~Zannier",
title = "{F}initeness results for multiplicatively dependent points on 
complex curves",
journal = MMJ,
pages = "451--466",
volume = 51,
number = 3,
year = 2003
}
@article{BMZ3,
author = "E.~Bombieri and D.W.~Masser and U.~Zannier",
title = "{I}ntersecting curves and algebraic subgroups: conjectures
and more results",
journal = TAMS,
pages = "2247--2257",
volume = 358,
number = 5,
year = 2006
}

@incollection{Danilov,
author = "V.I.~Danilov",
booktitle = "{A}lgebraic geometry {I}",
editor = "I.R.~Shafarevich",
title = "{A}lgebraic varieties and schemes",
publisher = SPRINGER,
year = 1994,
series = "{E}ncyclopaedia of {M}athematical {S}ciences {\bf 23}",
}
@inbook{ZannierAppendix,
author = "U.~Zannier",
title = "{A}ppendix by {U}mberto {Z}annier in \cite{Schinzel} 
(pp. 517-539)",
year = 2000
}
@article{ADLehmerSup,
author = "F.~Amoroso and S.~David",
title = "{L}e probl{\`e}me de {L}ehmer en dimension sup{\'e}rieure",
journal = REINANW,
year = 1999,
pages = "145--179",
volume = 513
}
@book{HardyWright,
author = "G.H.~Hardy and E.M.~Wright",
title = "{A}n {I}ntroduction to the {T}heory of {N}umbers",
year = 2005,
publisher = OUP
}
@article{Doche,
author = "C.~Doche",
title = "{O}n the spectrum of the {Z}hang-{Z}agier height",
journal = MATHCOMP,
year = 2001,
volume = 70,
pages = "419--430",
number = 233
}
@article{HillikerStraus,
author = "D.L.~Hilliker and E.G.~Strauss",
title = "{D}etermination of bounds for the solutions to those binary
{D}iophantine equations that satisfy the hypotheses of {R}unge's
theorem",
journal = TAMS,
year = 1983,
number = 2,
volume = 280,
pages = "637--657"
}
@book{GKZ,
author = "I.M.~Gel'fand and M.M.~Kapranov and A.V.~Zelevinsky",
title = "{D}iscriminants, {R}esultants, and {M}ultidimensional {D}eterminants",
publisher = BIRKHAUSER,
year = 1994
}
@book{Vogel,
author = "W.~Vogel",
title = "{L}ectures on results on {B}ezout's theorem",
year = 1984,
publisher = SPRINGER,
series = "Tata Institute of Fundamental Research Lectures on Mathematics
and Physics, 74"
}
@article{Laurent,
author = "M.~Laurent",
title = "{\'E}quations diophantiennes exponentielles",
journal = INVMATH,
year = 1984,
volume = 78,
number = 2,
pages = "299--327"
}
 @article{Maurin,
 author = "G.~Maurin",
 title = "{C}ourbes alg{\'e}briques et {\'e}quations multiplicatives",
 journal = MATHANN,
 volume = 341,
 pages = "789-824",
 year = 2008
 }
@article{Galateau,
    AUTHOR = {A.~Galateau},
     TITLE = {Une minoration du minimum essentiel sur les vari\'et\'es
              ab\'eliennes},
   JOURNAL = {Comment. Math. Helv.},
    VOLUME = {85},
      YEAR = {2010},
    NUMBER = {4},
     PAGES = {775--812}
}
@article{RemondVojta,
 author = "G.~R{\'e}mond",
title = "{I}n\'egalit\'e de {V}ojta g\'en\'eralis\'ee",
journal = BULLSMF,
volume = 133,
year = 2005,
pages = "459--495"
}

@book{Whitney,
  AUTHOR = {H.~Whitney},
     TITLE = {Complex analytic varieties},
 PUBLISHER = {Addison-Wesley Publishing Co., Reading, Mass.-London-Don
              Mills, Ont.},
      YEAR = {1972}
}
@article{habeggerma,
author = "P.~Habegger",
title = "{I}ntersecting subvarieties of $\mathbf{G}_m^n$ with algebraic subgroups",
journal = MATHANN,
year = 2008,
volume = 342,
number = 2,
pages = "449-466"
}
@article{habeggerabvar,
author = "P.~Habegger",
title = "{I}ntersecting subvarieties of abelian varieties with algebraic
  subgroups of complementary dimension", 
journal = "Preprint",
year = "2008"
}
@book{Cox,
author = "D.A.~Cox",
title = "Primes of the form $x^2+ny^2$",
publisher = JWS,
year = 1989
}
@book{Davenport,
author = "H.~Davenport",
title = "Multiplicative {N}umber {T}heory",
publisher = SPRINGER,
year = 2000
}
@article{DHK,
author = "S.~David and N.~Hirata-Kohno",
title = "Linear forms in elliptic logarithms",
journal = REINANW,
year = 2009,
volume = 628,
pages = "37--89"
}
@inproceedings{Silverman:HEC,
author = "J.~H.~Silverman",
title = "Heights and {E}lliptic {C}urves",
booktitle = "Arithmetic Geometry",
editor = "Gary~Cornell and Joseph~H.~Silverman",
year = 1986,
pages = "253--265",
publisher = SPRINGER,
}

@inproceedings{CU:Equidistribution,
author = "L.~Clozel and E.~Ullmo",
title = "{\'E}quidistribution des points de {H}ecke",
booktitle = "Contributions to automorphic forms, geometry, and
number theory",
year = 2004,
editor = "Haruzo~Hida et. al.",
pages = "193--254",
publisher = JHUP,
}

@article{NT,
author = "Y.~Nakkajima and Y.~Taguchi",
title = "A generalization of the {C}howla-{S}elberg formula",
journal = REINANW,
year = 1991,
volume = 419,
pages = "119-124"
}

@article{Faltings:ES,
author = "G.~Faltings",
title = "{E}ndlichkeitss{\"a}tze f{\"u}r abelsche {V}ariet{\"a}ten
{\"u}ber {Z}ahlk{\"o}rpern",
journal = INVMATH,
year = 1983,
volume = 73,
pages = "349--366"
}
@article{Andre92,
author = "Y.~Andr{\'e}",
title = "Mumford-{T}ate groups of mixed {H}odge structures and the theorem
of the fixed part",
journal = COMPOSITIO,
year = 1992,
number = 1,
volume = 82,
pages = "1--24"
}
@article{Deligne:Hodge2,
author = "P.~Deligne",
title = "Th{\'e}orie de {H}odge : {II}",
journal = "Publications Math{\'e}matiques de l'{IH{\'E}S}",
volume = 40,
year = 1971,
pages = "5--57"
}
@article{Andre01,
author = "Y.~Andr{\'e}",
title = "Shimura varieties, subvarieties, and {CM} points",
journal = "Six lectures at the University of Hsinchu (Taiwan), August-September 2001 (with an appendix by C.-L.~Chai), 
\url{http://www.math.umd.edu/~yu/notes.shtml}"
}
@article{Andre:AO,
author = "Y.~Andr{\'e}",
title = "Finitude des couples d'invariants modulaires singuliers
sur une courbe alg{\'e}brique plane non modulaire",
journal = REINANW,
volume = 505,
year = 1998,
pages = "203--208"
}

@article{Igusa:FibreIII,
author = "J.~Igusa",
title = "Fibre systems of {J}acobian varieties. {III}. {F}ibre systems of elliptic curves",
journal = AMERJMATH,
year = 1959,
pages = "453--476",
volume = 81
}

@inbook{Bourbaki:Alg47,
author = "N.~Bourbaki",
title = "{\'E}l{\'e}ments de {M}ath{\'e}matique. {A}lg{\`e}bre",
chapter = "4 {\`a} 7",
publisher = "Masson, Paris",
year = 1981
}

@article{MW:ellisogenies,
author = "D.W.~Masser and G.~W{\"u}stholz",
title = "Estimating isogenies on elliptic curves",
year = 1990,
journal = INVMATH,
pages = "1--24",
volume = 100
}

@article{Cohen,
author = "P.~Cohen",
title = "On the coefficients of the transformation polynomials
for the elliptic modular function",
journal = PROCCAMB,
year = 1984,
volume = 95,
pages ="389--402",
number = 3
}
@article{Deligne:Mordell,
author = "P.~Deligne",
title = "Preuve des conjectures de {T}ate et de {S}hafarevitch",
journal = "{\it S{\'e}minaire Bourbaki 1983/84.}  Ast{\'e}risque",
volume = "121--122",
pages = "25--41",
year = 1985
}
@article{Colmez,
author =  "P.~Colmez",
title = "Sur la hauteur de {F}altings des vari{\'e}t{\'e}s ab{\'e}liennes {\`a} multiplication complexe",
journal = COMPOSITIO,
year = 1998,
volume = 111,
pages = "359--368",
number = 3,
}
@book{Cohen:II,
author = "H.~Cohen",
title = "Number {T}heory {V}olume {II}: {A}nalytic and {M}odern {T}ools",
year = 2007,
publisher = SPRINGER
}
@article{GS:ABC,
author = "A.~Granville and H.M.~Stark",
title = "{ABC} implies no {``}{S}iegel zeros{''} for {$L$}-functions
of characters with negative discriminant",
journal = INVMATH,
year = 2000,
volume = 139,
pages = "509--523"
}
@article{Neron,
author = "A.~N{\'e}ron",
title = "Quasi-fonctions et hauteurs sur les vari{\'e}t{\'e}s ab{\'e}liennes",
journal = ANNMATH,
number = 2,
volume = 82,
year = 1965,
pages = "249--331"
}
@book{Hartshorne,
author = "R.~Hartshorne",
title = "{A}lgebraic {G}eometry",
publisher = SPRINGER,
year = 1997
}
@article{Pellarin,
author = "F.~Pellarin",
title = "Sur une majoration explicite pour un degr{\'e} d'isog{\'e}nie liant deux courbes elliptiques",
journal = ACTAARITH,
year = 2001,
pages = "203--243",
number = 3,
volume = 100
}
@article{David:LogElliptiques,
author = "S.~David",
title = "Minorations de formes lin\'eaires de logarithmes elliptiques",
journal = MEMSMF,
year = 1995,
pages = "1--143",
volume = 62
}
@book {Lang:elliptic,
    AUTHOR = {S.~Lang},
     TITLE = {Elliptic functions},
    SERIES = {Graduate Texts in Mathematics},
    VOLUME = {112},
   EDITION = {Second},
      NOTE = {With an appendix by J. Tate},
 PUBLISHER = {Springer-Verlag},
   ADDRESS = {New York},
      YEAR = {1987},
}
	
@article{Edixhoven:05,
author = "B.~Edixhoven",
title = "Special {P}oints on {P}roducts of {M}odular {C}urves",
journal = DUKE,
year = 2005,
volume = 126,
number = 2,
pages ="325--348"
}
@incollection{Raynaud:HI,
author = "M.~Raynaud",
title = "Hauteurs et isog{\'e}nies",
year = 1985,
pages = "199--234",
number = 127,
booktitle = "Seminar on arithmetic bundles: the {M}ordell conjecture
({P}aris, 1983/84). {A}st{\'e}risque"
}
@article{Silverman,
author = "J.~H.~Silverman",
title = "{H}eights and the specialization map for families of abelian varieties",
journal = REINANW,
volume = 342,
year = 1983,
pages = "197--211"
}
@article{BertrandPillay,
author = "D.~Betrand and A.~Pillay",
title = "A {L}indemann-{W}eierstrass theorem for semiabelian varieties over function fields",
journal = "To appear in J. Amer. Math. Soc."
}
@article{MZ:torsionanomalous,
author = "D.W.~Masser and U.~Zannier",
title = "Torsion anomalous points and families of elliptic curves",
journal = CR,
year = 2008,
pages = "491--494",
volume = 346
}
@article{PilaWilkie,
author = "J.~Pila and A.~J.~Wilkie",
title = "The rational points of a definable set",
journal = DUKE,
year = 2006,
pages = "591--616",
volume = 133,
number = 3
}
@article{PilaCurves,
author = "J.~Pila",
title = "Rational {P}oints of {D}efinable {S}ets and {R}esults
of {A}ndr\'e-{O}ort-{M}anin-{M}umford type",
journal = IMRN,
year = 2009,
number = 13,
pages = "2476--2507"
}
@incollection{Pink05,
author = "R.~Pink",
title = "{A} combination of the conjectures of {M}ordell-{L}ang and {A}ndr\'e-{O}ort",
booktitle = "{G}eometric methods in algebra and number theory",
series = "{P}rogr. {M}ath.",
publisher = BIRKHAUSER,
year = 2005,
pages = "251--282",
volume = 235
}
@article{Carrizosa08,
    AUTHOR = {M.~Carrizosa},
     TITLE = {Probl\`eme de {L}ehmer et vari\'et\'es ab\'eliennes {CM}},
   JOURNAL = {C. R. Math. Acad. Sci. Paris},
  FJOURNAL = {Comptes Rendus Math\'ematique. Acad\'emie des Sciences. Paris},
    VOLUME = {346},
      YEAR = {2008},
    NUMBER = {23-24},
     PAGES = {1219--1224}
}
@article{Gubler:Bogo,
author = "W.~Gubler",
title = "{T}he {B}ogomolov conjecture for totally degenerate abelian varieties",
journal = INVMATH,
year = 2007,
volume = 169,
pages = "377--400"
}
@article{MW:abelianisog,
author = "D.W.~Masser and G.~W{\"u}stholz",
title = "Isogeny {E}stimates for {A}belian {V}arieties, and {F}initeness {T}heorems",
journal = ANNMATH,
volume = 137,
number = 3,
year = 1993,
pages = "459--472"}

@article{PilaZannier,
author = "J.~Pila and U.~Zannier",
title = "Rational points in periodic analytic sets and the {M}anin-{M}umford conjecture",
journal = "Atti Accad. Naz. Lincei Cl. Sci. Fis. Mat. Natur. Rend. Lincei (9) Mat. Appl.",
volume = 19,
year = 2008,
number = 2,
pages = "149--162"
}
@article{Viada08,
author = "E.~Viada",
title = "The intersection of a curve with a union of translated
codimension-two subgroups in a power of an elliptic curve",
journal = ALGNT,
volume = 2,
number = 3,
year = 2008,
pages = "249--298"}

@article{Poonen:MRL01,
author = "B.~Poonen",
title = "Spans of {H}ecke {P}oints on {M}odular {C}urves",
journal = MRL,
year = 2001,
volume = 8,
pages = "767--770"
}

@book{Husemoeller,
author = "D.~Husem{\"o}ller",
title = "Elliptic {C}urves",
year = 2004,
publisher = SPRINGER
}
@incollection {Raynaud:MM,
    AUTHOR = {Raynaud, M.},
     TITLE = {Sous-vari\'et\'es d'une vari\'et\'e ab\'elienne et points de
              torsion},
 BOOKTITLE = {Arithmetic and geometry, {V}ol. {I}},
    SERIES = {Progr. Math.},
    VOLUME = {35},
     PAGES = {327--352},
 PUBLISHER = {Birkh\"auser Boston},
   ADDRESS = {Boston, MA},
      YEAR = {1983},
   MRCLASS = {14K05 (32K10)},
}

@article {Franks77,
    AUTHOR = {J.M.~Franks},
     TITLE = {Invariant sets of hyperbolic toral automorphisms},
   JOURNAL = {Amer. J. Math.},
  FJOURNAL = {American Journal of Mathematics},
    VOLUME = {99},
      YEAR = {1977},
    NUMBER = {5},
     PAGES = {1089--1095},
}

@book {Humphreys:LAG,
    AUTHOR = {J.E.~Humphreys},
     TITLE = {Linear algebraic groups},
      NOTE = {Graduate Texts in Mathematics, No. 21},
 PUBLISHER = {Springer-Verlag},
   ADDRESS = {New York},
      YEAR = {1981},
     PAGES = {xiv+247},
}
@article{SU:variation,
 AUTHOR = {L.~Szpiro and E.~Ullmo},
     TITLE = {Variation de la hauteur de {F}altings dans une classe de
              {$\overline{\bf Q}$}-isog\'enie de courbe elliptique},
   JOURNAL = {Duke Math. J.},
  FJOURNAL = {Duke Mathematical Journal},
    VOLUME = {97},
      YEAR = {1999},
    NUMBER = {1},
     PAGES = {81--97},
}
@article {Zimmer,
    AUTHOR = {H.G.~Zimmer},
     TITLE = {On the difference of the {W}eil height and the
              {N}\'eron-{T}ate height},
   JOURNAL = {Math. Z.},
  FJOURNAL = {Mathematische Zeitschrift},
    VOLUME = {147},
      YEAR = {1976},
    NUMBER = {1},
     PAGES = {35--51},
}


@book {MF:GIT,
    AUTHOR = {D.~Mumford and J.~Fogarty},
     TITLE = {Geometric Invariant Theory},
    SERIES = {Ergebnisse der Mathematik und ihrer Grenzgebiete},
    VOLUME = {34},
   EDITION = {Second},
 PUBLISHER = {Springer-Verlag},
   ADDRESS = {Berlin},
      YEAR = {1982},
}
@book {MFK:GIT94,
    AUTHOR = {Mumford, D. and Fogarty, J. and Kirwan, F.},
     TITLE = {Geometric invariant theory},
    SERIES = {Ergebnisse der Mathematik und ihrer Grenzgebiete (2) [Results
              in Mathematics and Related Areas (2)]},
    VOLUME = {34},
   EDITION = {Third},
 PUBLISHER = {Springer-Verlag, Berlin},
      YEAR = {1994}
}


@book {ACG:Curve,
    AUTHOR = {E.~Arbarello and  M.~Cornalba and P.~Griffiths},
     TITLE = {Geometry of Algebraic Curves, II (with a contribution by J.~Harris)},
    SERIES = {Grundlehren der mathematischen Wissenschaften},
    VOLUME = {268},
 PUBLISHER = {Springer-Verlag},
   ADDRESS = {Berlin},
      YEAR = {2011},
}

		
@article {AST,
    AUTHOR = {G.~W{\"u}stholz},
     TITLE = {Algebraische {P}unkte auf analytischen {U}ntergruppen
              algebraischer {G}ruppen},
   JOURNAL = {Ann. of Math. (2)},
  FJOURNAL = {Annals of Mathematics. Second Series},
    VOLUME = {129},
      YEAR = {1989},
    NUMBER = {3},
     PAGES = {501--517},
}
@article {Gaudron05,
    AUTHOR = {E.~Gaudron},
     TITLE = {Mesures d'ind\'ependance lin\'eaire de logarithmes dans un
              groupe alg\'ebrique commutatif},
   JOURNAL = {Invent. Math.},
  FJOURNAL = {Inventiones Mathematicae},
    VOLUME = {162},
      YEAR = {2005},
    NUMBER = {1},
     PAGES = {137--188},
}
@article {Wustholz78,
    AUTHOR = {G.~W{\"u}stholz},
     TITLE = {Linearformen in {L}ogarithmen von {$U$}-{Z}ahlen mit
              ganzzahligen {K}oeffizienten},
   JOURNAL = {J. Reine Angew. Math.},
  FJOURNAL = {Journal f\"ur die Reine und Angewandte Mathematik},
    VOLUME = {299/300},
      YEAR = {1978},
     PAGES = {138--150}
}

@article {Hrushovski:96,
    AUTHOR = {E.~Hrushovski},
     TITLE = {The {M}ordell-{L}ang conjecture for function fields},
   JOURNAL = {J. Amer. Math. Soc.},
  FJOURNAL = {Journal of the American Mathematical Society},
    VOLUME = {9},
      YEAR = {1996},
    NUMBER = {3},
     PAGES = {667--690},
}
		
@article {DMM:94,
    AUTHOR = {L. van den {D}ries and A.~Macintyre and D.~Marker},
     TITLE = {The elementary theory of restricted analytic fields with
              exponentiation},
   JOURNAL = {Ann. of Math. (2)},
  FJOURNAL = {Annals of Mathematics. Second Series},
    VOLUME = {140},
      YEAR = {1994},
    NUMBER = {1},
     PAGES = {183--205}
}
@article {DM:96,
    AUTHOR = {L.~van den {D}ries and C.~Miller},
     TITLE = {Geometric categories and o-minimal structures},
   JOURNAL = {Duke Math. J.},
  FJOURNAL = {Duke Mathematical Journal},
    VOLUME = {84},
      YEAR = {1996},
    NUMBER = {2},
     PAGES = {497--540}
}
@article {PillaySteinhorn:Definable,
    AUTHOR = {A.~Pillay and C.~Steinhorn},
     TITLE = {Definable sets in ordered structures. {I}},
   JOURNAL = {Trans. Amer. Math. Soc.},
  FJOURNAL = {Transactions of the American Mathematical Society},
    VOLUME = {295},
      YEAR = {1986},
    NUMBER = {2},
     PAGES = {565--592}
}


@incollection {Dries:Tarski,
    AUTHOR = {L.~van den {D}ries},
     TITLE = {Remarks on {T}arski's problem concerning {$({\bf
              R},\,+,\,\cdot ,\,{\rm exp})$}},
 BOOKTITLE = {Logic colloquium '82 ({F}lorence, 1982)},
    SERIES = {Stud. Logic Found. Math.},
    VOLUME = {112},
     PAGES = {97--121},
 PUBLISHER = {North-Holland},
   ADDRESS = {Amsterdam},
      YEAR = {1984}
}


@book {D:oMin,
    AUTHOR = {van den Dries, L.},
     TITLE = {Tame topology and o-minimal structures},
    SERIES = {London Mathematical Society Lecture Note Series},
    VOLUME = {248},
 PUBLISHER = {Cambridge University Press, Cambridge},
      YEAR = {1998},
     PAGES = {x+180}
}		
@article{Pila:AO,
 author = "J.~Pila",
 title = "O-minimality and the {A}ndr{\'e}-{O}ort conjecture for $\mathbb{C}^n$",
 journal = "Ann. of Math.",
 year = 2011,
 number = 173,
pages = "1779-1840"
}


@article {Pila:AlgPoints,
    AUTHOR = {J.~Pila},
     TITLE = {On the algebraic points of a definable set},
   JOURNAL = {Selecta Math. (N.S.)},
  FJOURNAL = {Selecta Mathematica. New Series},
    VOLUME = {15},
      YEAR = {2009},
    NUMBER = {1},
     PAGES = {151--170}
}
@article {PS:04,
    AUTHOR = {Y.~Peterzil and S.~Starchenko},
     TITLE = {Uniform definability of the {W}eierstrass {$\wp$} functions
              and generalized tori of dimension one},
   JOURNAL = {Selecta Math. (N.S.)},
    VOLUME = {10},
      YEAR = {2004},
    NUMBER = {4},
     PAGES = {525--550}
}
@article {Edixhoven:AO,
    AUTHOR = {B.~Edixhoven},
     TITLE = {Special points on the product of two modular curves},
   JOURNAL = {Compositio Math.},
    VOLUME = {114},
      YEAR = {1998},
    NUMBER = {3},
     PAGES = {315--328}
}
@article{KlinglerYafaev,
AUTHOR = {B.~Klingler and A.~Yafaev},
TITLE = {On the {A}ndr\'e-{O}ort {C}onjecture},
JOURNAL = {Preprint}
}
@article{Chardin,
author = "M.~Chardin",
title = "Une majoration de la fonction de {H}ilbert et ses cons{\'e}quences
pour l'interpolation alg{\'e}brique",
journal = BULLSMF,
year = 1989,
pages = "305--318",
volume = 117,
number = 3
}
@book {Jouanolou,
    AUTHOR = {J.-P.~Jouanolou},
     TITLE = {Th\'eor\`emes de {B}ertini et applications},
 PUBLISHER = {Universit\'e Louis Pasteur D\'epartement de Math\'ematique
              Institut de Recherche Math\'ematique Avanc\'ee},
   ADDRESS = {Strasbourg},
      YEAR = {1979}
}
@incollection {Betrand:Hilbert,
    AUTHOR = {D.~Bertrand},
     TITLE = {Upper bounds for (geometric) {H}ilbert functions},
 BOOKTITLE = {Introduction to algebraic independence theory},
    SERIES = {Lecture Notes in Math.},
    VOLUME = {1752},
     PAGES = {143--148},
 PUBLISHER = {Springer},
   ADDRESS = {Berlin},
      YEAR = {2001}
}

@article {ZarhinManin,
    AUTHOR = {Ju.~G.~Zarhin and Ju.~I.~Manin},
     TITLE = {Height on families of abelian varieties},
   JOURNAL = {Mat. Sb. (N.S.)},
    VOLUME = {89(131)},
      YEAR = {1972},
     PAGES = {171--181, 349}
}
@article {Wilkie:96,
    AUTHOR = {A.J.~Wilkie},
     TITLE = {Model completeness results for expansions of the ordered field
              of real numbers by restricted {P}faffian functions and the
              exponential function},
   JOURNAL = {J. Amer. Math. Soc.},
  FJOURNAL = {Journal of the American Mathematical Society},
    VOLUME = {9},
      YEAR = {1996},
    NUMBER = {4},
     PAGES = {1051--1094}
}
@preamble{
   "\def\cprime{$'$} "
}
@article {Gabrielov,
    AUTHOR = {A.M.~Gabri{\`e}lov},
     TITLE = {Projections of semianalytic sets},
   JOURNAL = {Funkcional. Anal. i Prilo\v zen.},
  FJOURNAL = {Akademija Nauk SSSR. Funkcional\cprime nyi Analiz i ego
              Prilo\v zenija},
    VOLUME = {2},
      YEAR = {1968},
    NUMBER = {4},
     PAGES = {18--30}
}
@article {Dries:generalTS},
    AUTHOR = {L.~van den {D}ries},
     TITLE = {A generalization of the {T}arski-{S}eidenberg theorem, and
              some nondefinability results},
   JOURNAL = {Bull. Amer. Math. Soc. (N.S.)},
  FJOURNAL = {American Mathematical Society. Bulletin. New Series},
    VOLUME = {15},
      YEAR = {1986},
    NUMBER = {2},
     PAGES = {189--193}
}
@article {DriesMiller:94,
    AUTHOR = {L.~van den {D}ries and C.~Miller},
     TITLE = {On the real exponential field with restricted analytic
              functions},
   JOURNAL = {Israel J. Math.},
  FJOURNAL = {Israel Journal of Mathematics},
    VOLUME = {85},
      YEAR = {1994},
    NUMBER = {1-3},
     PAGES = {19--56}
}
@book{NeronModels,
    AUTHOR = {S.~Bosch and W.~L{\"u}tkebohmert and M.~Raynaud},
     TITLE = {N\'eron models},
    SERIES = {Ergebnisse der Mathematik und ihrer Grenzgebiete (3)},
    VOLUME = {21},
 PUBLISHER = {Springer-Verlag},
   ADDRESS = {Berlin},
      YEAR = {1990}
}
@article {EGAIV,
    AUTHOR = {A.~Grothendieck},
     TITLE = {\'{E}l\'ements de g\'eom\'etrie alg\'ebrique. {IV}. \'{E}tude
              locale des sch\'emas et des morphismes de sch\'emas {I}-{IV}},
   JOURNAL = {Inst. Hautes \'Etudes Sci. Publ. Math.},
  FJOURNAL = {Institut des Hautes \'Etudes Scientifiques. Publications
              Math\'ematiques},
    NUMBER = {20,24,28,32},
      YEAR = {1964--1967}
}


@article {EGAII,
    AUTHOR = {A.~Grothendieck},
     TITLE = {\'{E}l\'ements de g\'eom\'etrie alg\'ebrique. {II}. \'{E}tude
              globale \'{e}l\'{e}mentaire de quelques classes de morphismes},
   JOURNAL = {Inst. Hautes \'Etudes Sci. Publ. Math.},
  FJOURNAL = {Institut des Hautes \'Etudes Scientifiques. Publications
              Math\'ematiques},
    NUMBER = {8},
      YEAR = {1961}
}


@article {ZarhinIsogeny,
    AUTHOR = {Ju.~G.~Zarhin},
     TITLE = {Isogeny classes of abelian varieties over function fields},
   JOURNAL = {Proc. Lond. Math. Soc. (3)},
    VOLUME = {96},
      YEAR = {2008},
    NUMBER = {2},
     PAGES = {312--334}
}
@article {Hindry:Lang,
    AUTHOR = {M.~Hindry},
     TITLE = {Autour d'une conjecture de {S}erge {L}ang},
   JOURNAL = {Invent. Math.},
    VOLUME = {94},
      YEAR = {1988},
    NUMBER = {3},
     PAGES = {575--603}
}
@article{Hab:Special,
	author = "P.~Habegger",
	title = "{S}pecial {P}oints on {F}ibered {P}owers of {E}lliptic {S}urfaces",
	journal = {J.Reine Angew. Math.},
	volume = {685},
	year = {2013},
	pages = {143-179}
}

@article {DavidPetiteHauteur,
    AUTHOR = {S.~David},
     TITLE = {Points de petite hauteur sur les courbes elliptiques},
   JOURNAL = {J. Number Theory},
  FJOURNAL = {Journal of Number Theory},
    VOLUME = {64},
      YEAR = {1997},
    NUMBER = {1},
     PAGES = {104--129}
}
@book {Silverman:Adv,
    AUTHOR = {J.~H.~Silverman},
     TITLE = {Advanced topics in the arithmetic of elliptic curves},
    SERIES = {Graduate Texts in Mathematics},
    VOLUME = {151},
 PUBLISHER = {Springer-Verlag},
   ADDRESS = {New York},
      YEAR = {1994}
}
@article {DPvarabII,
    AUTHOR = {S.~David and P.~Philippon},
     TITLE = {Minorations des hauteurs normalis\'ees des sous-vari\'et\'es
              de vari\'et\'es abeliennes. {II}},
   JOURNAL = {Comment. Math. Helv.},
  FJOURNAL = {Commentarii Mathematici Helvetici},
    VOLUME = {77},
      YEAR = {2002},
    NUMBER = {4},
     PAGES = {639--700}
}

@article{AC,
 title = "{A}nomalous {C}urves on certain {S}urfaces in the {W}eierstrass {F}amily",
journal = "Notes"
}
@article{235,
 title = "The $2,3,5$-surface",
 journal ="Notes"
}
@article{E3Surf,
 title = "Surfaces in $\mathcal{E}^3$",
 journal = "Notes"
}
@article{RemondInterIII,
    AUTHOR = {G.~R{\'e}mond},
     TITLE = {Intersection de sous-groupes et de sous-vari\'et\'es. {III}},
   JOURNAL = {Comment. Math. Helv.},
    VOLUME = {84},
      YEAR = {2009},
    NUMBER = {4},
     PAGES = {835--863}
}
@article {Carrizosa09,
    AUTHOR = {M.~Carrizosa},
     TITLE = {Petits points et multiplication complexe},
   JOURNAL = {Int. Math. Res. Not.},
      YEAR = {2009},
    NUMBER = {16},
     PAGES = {3016--3097}
}
			


@article {Masser:smallvalues,
    AUTHOR = {Masser, D. W.},
     TITLE = {Small values of the quadratic part of the {N}\'eron-{T}ate
              height on an abelian variety},
   JOURNAL = {Compositio Math.},
    VOLUME = {53},
      YEAR = {1984},
    NUMBER = {2},
     PAGES = {153--170}
}

@incollection {RatazziUllmo,
    AUTHOR = {N.~Ratazzi and E.~Ullmo},
     TITLE = {Galois + \'equidistribution = {M}anin-{M}umford},
 BOOKTITLE = {Arithmetic geometry},
    SERIES = {Clay Math. Proc.},
    VOLUME = {8},
     PAGES = {419--430},
 PUBLISHER = {Amer. Math. Soc.},
   ADDRESS = {Providence, RI},
      YEAR = {2009}
 }

@article {CheVenVia12,
    AUTHOR = {S.~Checcoli and F.~Veneziano and E.~Viada},
     TITLE = {A sharp {B}ogomolov-type bound},
   JOURNAL = {New York J. Math.},
    VOLUME = {18},
      YEAR = {2012},
     PAGES = {891--910}
}

@article {CheVenVia13,
    AUTHOR = {S.~Checcoli and F.~Veneziano and E.~Viada},
     TITLE = {On {T}orsion {A}nomalous {I}ntersections (with an {A}ppendix by {P}. {P}hilippon)},
   year  = {2012 preprint arXiv:1204.1435v5}
}

@article {AxSchanuel,
    AUTHOR = {J.~Ax},
     TITLE = {On {S}chanuel's conjectures},
   JOURNAL = {Ann. of Math. (2)},
    VOLUME = {93},
      YEAR = {1971},
     PAGES = {252--268}
}
@article{BeZu01,
author ={D.~Betrand and V.~Zudilin},
title = {Derivatives of {S}iegel modular forms, and exponential functions},
journal = {Izv. Math.},
volume = {65},
number = {4},
year = {2001},
pages = {659 -- 671}
}

@article {BMZUnlikely,
    AUTHOR = {E.~Bombieri and D.~Masser and U.~Zannier},
     TITLE = {On unlikely intersections of complex varieties with tori},
   JOURNAL = {Acta Arith.},
    VOLUME = {133},
      YEAR = {2008},
    NUMBER = {4},
     PAGES = {309--323}
}
@article {HabeggerPila12,
    AUTHOR = {P.~Habegger and J.~Pila},
     TITLE = {Some unlikely intersections beyond {A}ndr\'e-{O}ort},
   JOURNAL = {Compos. Math.},
    VOLUME = {148},
      YEAR = {2012},
    NUMBER = {1},
     PAGES = {1--27}
}
	
@article {Kirby09,
    AUTHOR = {J.~Kirby},
     TITLE = {The theory of the exponential differential equations of
              semiabelian varieties},
   JOURNAL = {Selecta Math. (N.S.)},
    VOLUME = {15},
      YEAR = {2009},
    NUMBER = {3},
     PAGES = {445--486}
}

@book {Lang:transcendental,
    AUTHOR = {S.~Lang},
     TITLE = {Introduction to transcendental numbers},
 PUBLISHER = {Addison-Wesley Publishing Co., Reading, Mass.-London-Don
              Mills, Ont.},
      YEAR = {1966}
}
	

@article {Mahler69,
    AUTHOR = {K.~Mahler},
     TITLE = {On algebraic differential equations satisfied by automorphic
              functions. },
   JOURNAL = {J. Austral. Math. Soc.},
    VOLUME = {10},
      YEAR = {1969},
     PAGES = {445--450}
}
@article {Moonen,
    AUTHOR = {B.~Moonen},
     TITLE = {Linearity properties of {S}himura varieties. {I}},
   JOURNAL = {J. Algebraic Geom.},
  FJOURNAL = {Journal of Algebraic Geometry},
    VOLUME = {7},
      YEAR = {1998},
    NUMBER = {3},
     PAGES = {539--567}
}

@article{PilaEMS,
author = "J.~Pila",
title = "Special point problems with elliptic modular surfaces",
year = "{\rm Mathematika}, to appear."
}

@article{TsimermanBrauerSiegel,
    AUTHOR = {J.~Tsimerman},
     TITLE = {Brauer-{S}iegel for arithmetic tori and lower bounds for
              {G}alois orbits of special points},
   JOURNAL = {J. Amer. Math. Soc.},
    VOLUME = {25},
      YEAR = {2012},
    NUMBER = {4},
     PAGES = {1091--1117}
}

@article{UllmoApp,
author = "E.~Ullmo",
title = "Quelques applications du th\'eor\`eme de 
{A}x-{L}indemann hyperbolique",
year ="2012 preprint, available from the author's 
webpage, and {\it Compositio\/}, to appear."
}
@article{UllmoYafaev11,
author = "E.~Ullmo and A.~Yafaev",
title = "Nombres de classes des tores de multiplication complexe et
bornes inf\'erieures pour orbites {G}aloisiennes de points sp\'eciaux",
year = "2011 preprint, arxiv"
}


@book {ZannierBook,
    AUTHOR = {U.~Zannier},
     TITLE = {Some problems of unlikely intersections in arithmetic and
              geometry},
    SERIES = {Annals of Mathematics Studies},
    VOLUME = {181},
      NOTE = {With appendixes by David Masser},
 PUBLISHER = {Princeton University Press},
   ADDRESS = {Princeton, NJ},
      YEAR = {2012}
}

@article{abvar,
author = "P.~Habegger",
title = "{I}ntersecting subvarieties of abelian varieties with algebraic subgroups of complementary dimension",
year = 2009,
journal = INVMATH,
volume = 176,
pages = "405--447"
}

@phdthesis{CapuanoPhD,
author = "L.~Capuano",
title = "Unlikely {I}ntersections and {A}pplications to {D}iophantine {G}eometry",
journal = "{P}h.{D}. {T}hesis",
year = 2013
}

@inproceedings {PeterzilStarchenkoICM,
    AUTHOR = {Y.~Peterzil and S.~Starchenko},
     TITLE = {Tame complex analysis and o-minimality},
 BOOKTITLE = {Proceedings of the {I}nternational {C}ongress of
              {M}athematicians. {V}olume {II}},
     PAGES = {58--81}
 }
@book {cassels:geonumbers,
    AUTHOR = {Cassels, J. W. S.},
     TITLE = {An introduction to the geometry of numbers},
    SERIES = {Classics in Mathematics},
      NOTE = {Corrected reprint of the 1971 edition},
 PUBLISHER = {Springer-Verlag, Berlin},
      YEAR = {1997}
}

@article {Zarhin:08,
    AUTHOR = {Y.G.~Zarhin},
     TITLE = {Isogeny classes of abelian varieties over function fields},
   JOURNAL = {Proc. Lond. Math. Soc. (3)},
    VOLUME = {96},
      YEAR = {2008},
    NUMBER = {2},
     PAGES = {312--334}
}

@article {Lelong,
    AUTHOR = {P.~Lelong},
     TITLE = {Int\'{e}gration sur un ensemble analytique complexe},
   JOURNAL = {Bull. Soc. Math. France},
    VOLUME = {85},
      YEAR = {1957},
     PAGES = {239--262}
}

@article {tits:freesubgroups,
    AUTHOR = {Tits, J.},
     TITLE = {Free subgroups in linear groups},
   JOURNAL = {J. Algebra},
    VOLUME = {20},
      YEAR = {1972},
     PAGES = {250--270}
}

@book{Demailly,
	author = {J.P.~Demailly},
	title = {Complex analytic and differential geometry},
        note = {Available at \url{https://www-fourier.ujf-grenoble.fr/\textasciitilde demailly/manuscripts/agbook.pdf}},
	year = {2012}
}

@book{voisin:hodge1,
    AUTHOR = {C.~Voisin},
     TITLE = {Hodge theory and complex algebraic geometry. {I}},
    SERIES = {Cambridge Studies in Advanced Mathematics},
    VOLUME = {76},
   EDITION = {{E}nglish},
 PUBLISHER = {Cambridge University Press, Cambridge},
      YEAR = {2002}
}

@book{voisin:hodge2,
    AUTHOR = {C.~Voisin},
     TITLE = {Hodge theory and complex algebraic geometry. {II}},
    SERIES = {Cambridge Studies in Advanced Mathematics},
    VOLUME = {77},
   EDITION = {{E}nglish},
 PUBLISHER = {Cambridge University Press, Cambridge},
      YEAR = {2003}
}

@article {grothendieck:absch,
    AUTHOR = {A.~Grothendieck},
     TITLE = {Un th\'eor\`eme sur les homomorphismes de sch\'emas
              ab\'eliens},
   JOURNAL = {Invent. Math.},
    VOLUME = {2},
      YEAR = {1966},
     PAGES = {59--78}
}

@book{MumfordTataLectures,
	Address = {Boston, MA},
	Author = {Mumford, D.},
	Publisher = {Birkh{\"a}user Boston Inc.},
	Series = {Progress in Mathematics},
	Title = {Tata lectures on theta {I}},
	Volume = {28},
	Year = {1983}
}

@book{MumfordAbVar,
	Address = {London},
	Author = {Mumford, D.},
	Publisher = {Oxford University Press},
	Title = {Abelian Varieties, 2nd ed.},
	Year = {1974}
}


@book{IgusaThetaFuncetion,
	Author = {Igusa, J.-i.},
	Publisher = {Springer-Verlag},
	Series = {Die Grundlehren der mathematischen Wissenschaften},
	Title = {Theta functions},
	Volume = {194},
	Year = {1972}
}

@article{Lubicz2014ArithmeticOA,
  title={Arithmetic on abelian and Kummer varieties},
  author={D.~Lubicz and D.~Robert},
  journal={Finite Fields and Their Applications},
  year={2014},
  volume={39},
  pages={130-158}
}

@article{PeterzilStarchenkoDefinabilityTheta,
	Author = {Peterzil, Y. and Starchenko, S.},
	Journal = {Duke Journal of Mathematics},
	Pages = {731--765},
	Title = {Definability of restricted theta functions and families of abelian varieties},
	Volume = {162},
	Year = {2013}
}


@article{MoriwakiArithmetic-heig,
	Author = {Moriwaki, A.},
	Journal = {Inv. Math.},
	Pages = {101-142},
	Title = {Arithmetic height functions over finitely generated fields},
	Volume = {140},
	Year = {2000}
}

@article{WazirMoriwakiHeight,
	Author = {Wazir, R.},
	Journal = {Bull. London Math. Soc.},
	Pages = {555-560},
	Title = {On the specialization theorem for abelian varieties},
	Volume = {38},
	Year = {2006}
}

@book{Lang1983,
	Author = {Lang, S.},
	Publisher = {Springer-Verlag},
	Title = {Fundamentals of Diophantine Geometry},
	Year = {1983}
}

@book{Lang1991,
	Author = {Lang, S.},
	Publisher = {Springer-Verlag},
	Series = {Encyclopaedia of Math. Sciences},
	Title = {Number Theory {III}: Diophantine Geometry},
	Volume = {60},
	Year = {1991}
}

@incollection {MazurMordellLang,
    AUTHOR = {B.~Mazur},
     TITLE = {Abelian varieties and the {M}ordell-{L}ang conjecture},
 BOOKTITLE = {Model theory, algebra, and geometry},
    VOLUME = {39},
     PAGES = {199-227},
      YEAR = {2000}
}

@article{CinkirBogomolov,
	Author = {Cinkir, Z.},
	Journal = {Invent. Math.},
	Pages = {517-562},
	Title = {{Z}hang's conjecture and the effective {B}ogomolov conjecture over function fields},
	Volume = {183},
	Year = {2011}
}

@article{YamakiBogomolovTrace,
	Author = {K.~Yamaki},
	Journal = {J. Reine Angew. Math.},
	Pages = {online, DOI: 10.1515/crelle-2015-0086},
	Title = {Trace of abelian varieties over function fields and the geometric {B}ogomolov conjecture},
	Year = {2016}
}

@article {HabeggerPilaENS,
    AUTHOR = {P.~Habegger and J.~Pila},
     TITLE = {O-minimality and certain atypical intersections },
   JOURNAL = {Ann. Sci. École Norm. Sup.},
    VOLUME = {49},
      YEAR = {2016},
     PAGES = {813-858}
}



@article {YamakiNonDensity,
    AUTHOR = {K.~Yamaki},
     TITLE = {Non-density of small points on divisors on {A}belian varieties
              and the {B}ogomolov conjecture},
   JOURNAL = {J. Amer. Math. Soc.},
    VOLUME = {30},
      YEAR = {2017},
    NUMBER = {4},
     PAGES = {1133--1163}
}

@article{YamakiGeoBogoDim5,
	Author = {K.~Yamaki},
        title = {Geometric {B}ogomolov conjecture for nowhere degenerate abelian varieties of dimension 5 with trivial trace},
	Journal = {Preprint arXiv:1506.00708}
}

@article{BogomolovUeno,
	Author = {Bogomolov, F.},
	title = {Points of finite order on an abelian variety},
	Journal = {Izv. Math.},
	Pages = {55-72},
	Volume = {17},
	Year ={1981}
}

@article{IndependencelAdicRepresentation,
	Author = {W.~Gajda and S.~Petersen},
	title = {Independence of $l$-adic {G}alois representations over function fields},
	Journal = {Compositio Mathematica},
	Volume ={149},
	pages ={1091–-1107},
	Year ={2013}
}

@article{SerreHomothety,
	Author = {J.-P.~Serre},
	title = {R\'{e}sum\'{e} des cours de 1985-1986},
	Journal = {Annuaire du Coll\`{e}ge de France},	
	Year = {Paris, 1986}
}

@article{HomothetySpecialization,
	Author={M.~Jacobson and M.~Jarden},
	title={Finiteness theorems for torsion of abelian varieties over large algebraic fields},
	Journal={Acta Arithmetica},
	Volume={XCVIII.1},
	Pages={15-31},
	Year={2001}
}


@article {Weil:deRham,
    AUTHOR = {A.~Weil},
     TITLE = {Sur les th\'eor\`emes de de {R}ham},
   JOURNAL = {Comment. Math. Helv.},
    VOLUME = {26},
      YEAR = {1952},
     PAGES = {119--145}
}


@article {Conrad,
    AUTHOR = {B.~Conrad},
     TITLE = {Chow's {$K/k$}-image and {$K/k$}-trace, and the {L}ang-{N}\'eron
              theorem},
   JOURNAL = {Enseign. Math. (2)},
    VOLUME = {52},
      YEAR = {2006},
    NUMBER = {1-2},
     PAGES = {37--108}
}
@article {Scanlon:AU,
    AUTHOR = {T.~Scanlon},
     TITLE = {Automatic uniformity},
   JOURNAL = {Int. Math. Res. Not.},
      YEAR = {2004},
    NUMBER = {62},
     PAGES = {3317--3326}
}
	
@article {LangNeron,
    AUTHOR = {Lang, S. and N\'eron, A.},
     TITLE = {Rational points of abelian varieties over function fields},
   JOURNAL = {Amer. J. Math.},
    VOLUME = {81},
      YEAR = {1959},
     PAGES = {95--118}
}
@book {Voelklein,
    AUTHOR = {H.~V\"olklein},
     TITLE = {Groups as {G}alois groups},
    SERIES = {Cambridge Studies in Advanced Mathematics},
    VOLUME = {53},
      NOTE = {An introduction},
 PUBLISHER = {Cambridge University Press, Cambridge},
      YEAR = {1996}
}

@book{SGA1,
  author = {A.~Grothendieck and M.~Raynaud},
  title = {Rev\^etements \'etales et groupe fondamental ({SGA}~1)},
  year = {2003},
  publisher = {SMF},
  series = {Documents Math\'ematiques (Paris) },
  volume = {3},
}

@Inbook{CadoretFundamentalGroup,
	author="A.~Cadoret",
	editor="D{\`e}bes, Pierre	and Emsalem, Michel	and Romagny, Matthieu and Uluda{\u{g}}, A. Muhammed",
	title="Galois Categories",
	bookTitle="Arithmetic and Geometry Around Galois Theory",
	year="2013",
	publisher="Springer Basel"
}


@article{HrushovskiUniformMM,
	author = {E.~Hrushovski},
	title = "The {M}anin-{M}umford conjecture and the model theory of difference fields ",
	journal = "Annals of Pure and Applied Logic ",
	volume = "112",
	number = "1",
	pages = "43 - 115",
	year = "2001"
}


@article {DavidHindry,
    AUTHOR = {S.~David and M.~Hindry},
     TITLE = {Minoration de la hauteur de {N}\'eron-{T}ate sur les vari\'et\'es
              ab\'eliennes de type {C}. {M}},
   JOURNAL = {J. Reine Angew. Math.},
    VOLUME = {529},
      YEAR = {2000},
     PAGES = {1--74}
}

@article {Sturmfels:94,
    AUTHOR = {B.~Sturmfels},
     TITLE = {On the {N}ewton polytope of the resultant},
   JOURNAL = {J. Algebraic Combin.},
    VOLUME = {3},
      YEAR = {1994},
    NUMBER = {2},
     PAGES = {207--236}
}


@Article{DamienHyperbolicity,
author="D.~Brotbek",
title="On the hyperbolicity of general hypersurfaces",
journal="Publications math{\'e}matiques de l'IH{\'E}S",
year="2017",
doi="10.1007/s10240-017-0090-3"
}




@article {UllmoYafeav:14,
    AUTHOR = {E.~Ullmo and A.~Yafaev},
     TITLE = {Hyperbolic {A}x-{L}indemann theorem in the cocompact case},
   JOURNAL = {Duke Math. J.},
    VOLUME = {163},
      YEAR = {2014},
    NUMBER = {2},
     PAGES = {433--463}
}


@book{Liu2002Algebraic,
  title={Algebraic {G}eometry and {A}rithmetic {C}urves},
  author={Liu, Q.},
  series={Oxford graduate texts in mathematics},
  year={2002},
  publisher={Oxford University Press}
}





@article {Yamaki:GeoBogo13,
    AUTHOR = {K.~Yamaki},
     TITLE = {Geometric {B}ogomolov conjecture for abelian varieties and
              some results for those with some degeneration (with an
              appendix by {W}alter {G}ubler: the minimal dimension of a
              canonical measure)},
   JOURNAL = {Manuscripta Math.},
  FJOURNAL = {Manuscripta Mathematica},
    VOLUME = {142},
      YEAR = {2013},
    NUMBER = {3-4},
     PAGES = {273--306}
}
		

@article {Gubler:trop,
    AUTHOR = {W.~Gubler},
     TITLE = {Tropical varieties for non-{A}rchimedean analytic spaces},
   JOURNAL = {Invent. Math.},
  FJOURNAL = {Inventiones Mathematicae},
    VOLUME = {169},
      YEAR = {2007},
    NUMBER = {2},
     PAGES = {321--376}
}

@article {Silverman:heightest11,
    AUTHOR = {J.~H.~Silverman},
     TITLE = {Height estimates for equidimensional dominant rational maps},
   JOURNAL = {J. Ramanujan Math. Soc.},
    VOLUME = {26},
      YEAR = {2011},
    NUMBER = {2},
     PAGES = {145--163}
}

@book{MumfordRedBook,
  title={The {R}ed {B}ook of {V}arieties and {S}chemes},
  author={Mumford, D.},
  series={Lecture Notes in Mathematics},
  year={1999},
  publisher={Springer Berlin Heidelberg}
}

@article {Faber:GBC,
    AUTHOR = {X.~Faber},
     TITLE = {The {G}eometric {B}ogomolov {C}onjecture for curves of small genus},
   JOURNAL = {Experiment. Math.},
    VOLUME = {18},
      YEAR = {2009},
    NUMBER = {3},
     PAGES = {347--367}
}
@article {MZ:AJM10,
    AUTHOR = {Masser, D. and Zannier, U.},
     TITLE = {Torsion anomalous points and families of elliptic curves},
   JOURNAL = {Amer. J. Math.},
    VOLUME = {132},
      YEAR = {2010},
    NUMBER = {6},
     PAGES = {1677--1691}
}
	
	
@article {Yamaki:nonhyperellipticcurve,
    AUTHOR = {K.~Yamaki},
     TITLE = {{G}eometric {B}ogomolov's {C}onjecture for curves of genus $3$ over function fields},
   JOURNAL = {J. Math. Kyoto Univ.},
    VOLUME = {42},
      YEAR = {2002},
    NUMBER = {1},
     PAGES = {57–-81}
}


@article {Yamaki:hyperellipticcurve,
    AUTHOR = {K.~Yamaki},
     TITLE = {Effective calculation of the geometric height and the {B}ogomolov conjecture for hyperelliptic curves over function fields},
   JOURNAL = {J. Math. Kyoto Univ.},
    VOLUME = {48},
      YEAR = {2008},
    NUMBER = {2},
     PAGES = {401–-443}
}



@article {Moriwaki:BogomolovInequality,
    AUTHOR = {Moriwaki, A.},
     TITLE = {Relative {B}ogomolov's inequality and the cone of positive divisors on the moduli space of stable curves},
   JOURNAL = {J. Amer. Math. Soc.},
    VOLUME = {11},
      YEAR = {1998},
    NUMBER = {3},
     PAGES = {569–-600}
}


@article {hab:weierstrass,
    AUTHOR = {P.~Habegger},
     TITLE = {Torsion points on elliptic curves in {W}eierstrass form},
   JOURNAL = {Ann. Sc. Norm. Super. Pisa Cl. Sci. (5)},
    VOLUME = {12},
      YEAR = {2013},
    NUMBER = {3},
     PAGES = {687--715}
}


@article {Coleman:effCha,
    AUTHOR = {R.~.F.~Coleman},
     TITLE = {Effective {C}habauty},
   JOURNAL = {Duke Math. J.},
    VOLUME = {52},
      YEAR = {1985},
    NUMBER = {3},
     PAGES = {765--770}
}

@article {Chabauty,
    AUTHOR = {C.~Chabauty},
     TITLE = {Sur les points rationnels des courbes alg\'{e}briques de genre
              sup\'{e}rieur \`a l'unit\'{e}},
   JOURNAL = {C. R. Acad. Sci. Paris},
    VOLUME = {212},
      YEAR = {1941},
     PAGES = {882--885}
}
	
@misc{PazukiHabilitation,
	Author = {Pazuki, F.},
	HOWPUBLISHED = {HDR (Habilitation \`{a} Diriger des Recherches), Universit\'{e} de Bordeaux},
	School = {Universit\'{e} de Bordeaux},
	Title = {Probl\`{e}mes d'arithm\'{e}tique sur les vari\'{e}t\'{e}s ab\'{e}liennes},
	Year = {2017}
}	
	


@article{mazur1986arithmetic,
	  title={Arithmetic on curves},
	  author={Mazur, B.},
 	 journal={Bulletin of the American Mathematical Society},
 	 volume={14},
  	number={2},
 	 pages={207--259},
  	year={1986}
}






@article {Remond:Decompte,
    AUTHOR = {G.~R{\'e}mond},
     TITLE = {D{\'e}compte dans une conjecture de {L}ang},
   JOURNAL = {Invent. Math.},
  FJOURNAL = {Inventiones Mathematicae},
    VOLUME = {142},
      YEAR = {2000},
    NUMBER = {3},
     PAGES = {513--545}
}


@article{GaoHab,
	author = {Z.~Gao and P.~Habegger},
	title = {{Heights in Families of Abelian Varieties and the Geometric Bogomolov Conjecture}},
   JOURNAL = {Ann. of Math.},
       VOLUME = {189},
      YEAR = {2019},
    NUMBER = {2},
     PAGES = {527--604}
}



@incollection {DaNaPh:07,
    AUTHOR = {S.~David and M.~Nakamaye and P.~Philippon},
     TITLE = {Bornes uniformes pour le nombre de points rationnels de
              certaines courbes},
 BOOKTITLE = {Diophantine geometry},
    SERIES = {CRM Series},
    VOLUME = {4},
     PAGES = {143--164},
 PUBLISHER = {Ed. Norm., Pisa},
      YEAR = {2007}
}

@article {DaPh:07,
    AUTHOR = {S.~David and P.~Philippon},
     TITLE = {Minorations des hauteurs normalis\'{e}es des sous-vari\'{e}t\'{e}s des
              puissances des courbes elliptiques},
   JOURNAL = {Int. Math. Res. Pap. IMRP},
      YEAR = {2007},
    NUMBER = {3},
     PAGES = {Art. ID rpm006, 113}
}


@article {Vojta:siegelcompact,
    AUTHOR = {P.~Vojta},
     TITLE = {Siegel's theorem in the compact case},
   JOURNAL = {Ann. of Math. (2)},
  FJOURNAL = {Annals of Mathematics. Second Series},
    VOLUME = {133},
      YEAR = {1991},
    NUMBER = {3},
     PAGES = {509--548}
}


@article {deDiego:97,
    AUTHOR = {T.~de Diego},
     TITLE = {Points rationnels sur les familles de courbes de genre au
              moins 2},
   JOURNAL = {J. Number Theory},
  FJOURNAL = {Journal of Number Theory},
    VOLUME = {67},
      YEAR = {1997},
    NUMBER = {1},
     PAGES = {85--114}
}
@article {Bombieri:Mordell,
    AUTHOR = {E.~Bombieri},
     TITLE = {The {M}ordell conjecture revisited},
   JOURNAL = {Ann. Scuola Norm. Sup. Pisa Cl. Sci. (4)},
  FJOURNAL = {Annali della Scuola Normale Superiore di Pisa. Classe di
              Scienze. Serie IV},
    VOLUME = {17},
      YEAR = {1990},
    NUMBER = {4},
     PAGES = {615--640}
}
@article {CaHaMa,
    AUTHOR = {L.~Caporaso and J.~Harris and B.~Mazur},
     TITLE = {Uniformity of rational points},
   JOURNAL = {J. Amer. Math. Soc.},
    VOLUME = {10},
      YEAR = {1997},
    NUMBER = {1},
     PAGES = {1--35}
}



@incollection {Mazur:00,
    AUTHOR = {B.~Mazur},
     TITLE = {Abelian varieties and the {M}ordell-{L}ang conjecture},
 BOOKTITLE = {Model theory, algebra, and geometry},
    SERIES = {Math. Sci. Res. Inst. Publ.},
    VOLUME = {39},
     PAGES = {199--227},
 PUBLISHER = {Cambridge Univ. Press, Cambridge},
      YEAR = {2000}
}




@article {Remond:generic05,
    AUTHOR = {G.~R\'{e}mond},
     TITLE = {Borne g\'{e}n\'{e}rique pour le probl\`eme de {M}ordell-{L}ang},
   JOURNAL = {Manuscripta Math.},
  FJOURNAL = {Manuscripta Mathematica},
    VOLUME = {118},
      YEAR = {2005},
    NUMBER = {1},
     PAGES = {85--97}
}




@article {KatzRabinoffZB,
    AUTHOR = {E.~Katz and J.~Rabinoff and D.~Zureick-Brown},
     TITLE = {Uniform bounds for the number of rational points on curves of
              small {M}ordell-{W}eil rank},
   JOURNAL = {Duke Math. J.},
    VOLUME = {165},
      YEAR = {2016},
    NUMBER = {16},
     PAGES = {3189--3240}
}


@article{Stoll:Uniform,
    AUTHOR = {M.~Stoll},
     TITLE = {Uniform bounds for the number of rational points on
              hyperelliptic curves of small {M}ordell-{W}eil rank},
   JOURNAL = {J. Eur. Math. Soc. (JEMS)},
    VOLUME = {21},
      YEAR = {2019},
    NUMBER = {3},
     PAGES = {923--956}
}


@article{GaoBettiRank,
	author = {Z.~Gao},
	title = {Generic rank of {B}etti map and unlikely intersections},
   JOURNAL = {Compos. Math.},
   volume = {156},
   pages = {2469--2509},
    NUMBER = {12},   
   year = {2020}}

@article{GaoMixedAS,
	author = {Z.~Gao},
	title = {Mixed {A}x-{S}chanuel for the universal abelian varieties and some applications},
   JOURNAL = {Compos. Math.},	
   volume = {156},
   number = {11}, 
   pages = {2263--2297},
   year = {2020}
}



@article{DGH1p,
	author = {V.~Dimitrov and Z.~Gao and P.~Habegger},
	title = {Uniform bound for the number of rational points on a pencil of curves},
   JOURNAL = {Int. Math. Res. Not. IMRN},
   number = {rnz248},
   pages = {https://doi.org/10.1093/imrn/rnz248},
   year = {2019}
}


@article{Hironaka,
	author = {H.~Hironaka},
	title = {Resolution of singularities of an algebraic variety over a field of characteristic zero: {I}},
	journal = {Ann. of Math. (2)},
	volume = {79},
	year = {1964},
	number = {1},
	pages = {109--203}
}

@article {habegger:imrn,
    AUTHOR = {Habegger, P.},
     TITLE = {On the bounded height conjecture},
   JOURNAL = {Int. Math. Res. Not. IMRN},
      YEAR = {2009},
    NUMBER = {5},
     PAGES = {860--886}
}


@article{kuehne:semiabelianbhc,
	author={K{\"u}hne, L.},
	title ={The {B}ounded {H}eight {C}onjecture for {S}emiabelian {V}arieties},
	journal = {Compos. Math},
	volume = {156},
	pages = {1405--1456},
	year = {2020}
}

@book{GoertzWedhorn,
    AUTHOR = {G\"{o}rtz, U. and Wedhorn, T.},
     TITLE = {Algebraic geometry {I}},
    SERIES = {Advanced Lectures in Mathematics},
      NOTE = {Schemes with examples and exercises},
 PUBLISHER = {Vieweg + Teubner, Wiesbaden},
      YEAR = {2010},
     PAGES = {viii+615},
      ISBN = {978-3-8348-0676-5}
}

@book {LNM119,
    AUTHOR = {M.~Raynaud},
     TITLE = {Faisceaux amples sur les sch\'{e}mas en groupes et les espaces
              homog\`enes},
    SERIES = {Lecture Notes in Mathematics, Vol. 119},
 PUBLISHER = {Springer-Verlag, Berlin-New York},
      YEAR = {1970},
     PAGES = {ii+218}
}



@article {DM:irreducibility,
    AUTHOR = {Deligne, P. and Mumford, D.},
     TITLE = {The irreducibility of the space of curves of given genus},
   JOURNAL = {Inst. Hautes \'{E}tudes Sci. Publ. Math.},
  FJOURNAL = {Institut des Hautes \'{E}tudes Scientifiques. Publications
              Math\'{e}matiques},
    NUMBER = {36},
      YEAR = {1969},
     PAGES = {75--109}
}



@article {remond:vojtasup,
    AUTHOR = {G.~R{\'e}mond},
     TITLE = {In{\'e}galit\'{e} de {V}ojta en dimension sup{\'e}rieure},
   JOURNAL = {Ann. Scuola Norm. Sup. Pisa Cl. Sci. (4)},
    VOLUME = {29},
      YEAR = {2000},
    NUMBER = {1},
     PAGES = {101--151}
}
		
		
@incollection{GenestierNgo,
	author = {Genestier, A. and Ng\^{o}, B.C.},
	title = {Lecture on {S}himura varieties},
	BOOKTITLE = {Autour de motifs, Ecole d'\'et\'e Franco-Asiatique de G\'eom\'etrie Alg\'ebrique et de Th\'eorie des Nombres/Asian-French Summer School on Algebraic Geometry and Number Theory. Vol.~I},
	pages = {187--236},
	publisher ={Panor. Synth\`ese 29, Soc. Math. France},
	year = {2009}
}
		



@incollection {OortSteenbrink,
    AUTHOR = {F.~Oort and J.~Steenbrink},
     TITLE = {The local {T}orelli problem for algebraic curves},
 BOOKTITLE = {Journ\'{e}es de {G}\'{e}ometrie {A}lg\'{e}brique d'{A}ngers, {J}uillet
              1979/{A}lgebraic {G}eometry, {A}ngers, 1979},
     PAGES = {157--204},
 PUBLISHER = {Sijthoff \& Noordhoff, Alphen aan den Rijn---Germantown, Md.},
      YEAR = {1980}
}


@book{GriffithsHarris,
  title={Principles of Algebraic Geometry},
  author={Griffiths, P. and Harris, J.},
  isbn={9781118030776},
  series={Wiley Classics Library},
  year={2011},
  publisher={Wiley}
}

		
		
@article{Hurwitz1892,
	author={A.~Hurwitz},
	title={\"{U}ber algebraische {G}ebilde mit eindeutigen {T}ransformationen in sich},
	journal={Math. Ann.},
	year={1892},
	volume={41},
	number={3},
	pages={403--442}
}




@article {Silverman:twists,
    AUTHOR = {J.~H.~Silverman},
     TITLE = {A uniform bound for rational points on twists of a given
              curve},
   JOURNAL = {J. London Math. Soc. (2)},
    VOLUME = {47},
      YEAR = {1993},
    NUMBER = {3},
     PAGES = {385--394}
}

@article {Ast6970,
    AUTHOR = {M.~Waldschmidt},
     TITLE = {Nombres transcendants et groupes alg\'{e}briques},
   EDITION = {Second},
      NOTE = {With appendices by Daniel Bertrand and Jean-Pierre Serre},
   JOURNAL = {Ast\'{e}risque},
  FJOURNAL = {Ast\'{e}risque},
    NUMBER = {69-70},
      YEAR = {1987},
     PAGES = {218}
}
	
	
@article{AlpogeRatPt,
	title={The average number of rational points on genus two curves is bounded},
	author={Alpoge, L.},
	journal = {arXiv:1804.05859},
	year = {2018}
}

@article{DeMarcoKriegerYeUniManinMumford,
	title={Uniform {M}anin-{M}umford for a family of genus $2$ curves},
	author={DeMarco, L. and Krieger, H. and Ye, H.},
	journal = {Ann. of Math.},
	volume = {191},
	pages ={949--1001},
	year = {2020}
}

@article {CVV:17,
    AUTHOR = {Checcoli, S. and Veneziano, F. and Viada, E.},
     TITLE = {On the explicit torsion anomalous conjecture},
   JOURNAL = {Trans. Amer. Math. Soc.},
  FJOURNAL = {Transactions of the American Mathematical Society},
    VOLUME = {369},
      YEAR = {2017},
    NUMBER = {9},
     PAGES = {6465--6491}
}


@incollection{Mok11Form,
	Author = {Mok, N.},
	Booktitle = {Several complex variables and complex geometry, {P}art 2 ({S}anta {C}ruz, {CA}, 1989)},
	Pages = {335--396},
	Publisher = {Amer. Math. Soc., Providence, RI},
	Series = {Proc. Sympos. Pure Math.},
	Title = {Aspects of {K}\"ahler geometry on arithmetic varieties},
	Volume = {52},
	Year = {1991}
}


@article{ACZBetti,
	Author = {Andr\'{e}, Yves and Corvaja, Pietro and Zannier, Umberto},
	Journal = {Inv. Math.},	
	Volume = {222},
	pages = {161--202},
	Title = {The {B}etti map associated to a section of an abelian scheme (with an Appendix by {Z.~Gao})},
	Year = {2020}
}
	
	
	
@article{CGHX:18,
	author = {S.~Cantat and Z.~Gao and P.~Habegger and J.~Xie},
	title = {The geometric {B}ogomolov conjecture},
	journal = {Duke Math. J.},
	volume = {170},
	number = {2}, 
	pages = {247--277},
	year = {2021}
}


@incollection {Mumford:quadeq,
    AUTHOR = {D.~Mumford},
     TITLE = {Varieties defined by quadratic equations},
 BOOKTITLE = {Questions on {A}lgebraic {V}arieties ({C}.{I}.{M}.{E}., {III}
              {C}iclo, {V}arenna, 1969) },
     PAGES = {29--100},
 PUBLISHER = {Edizioni Cremonese, Rome},
      YEAR = {1970}

}

@book {Lang:EllipticCurves78,
    AUTHOR = {S.~Lang},
     TITLE = {Elliptic curves: {D}iophantine analysis},
    SERIES = {Grundlehren der Mathematischen Wissenschaften [Fundamental
              Principles of Mathematical Sciences]},
    VOLUME = {231},
 PUBLISHER = {Springer-Verlag, Berlin-New York},
      YEAR = {1978},
     PAGES = {xi+261},
      ISBN = {3-540-08489-4}
}


@book {FaltingsChai,
    AUTHOR = {G.~Faltings and C.-L.~Chai},
     TITLE = {Degeneration of abelian varieties},
    SERIES = {Ergebnisse der Mathematik und ihrer Grenzgebiete (3) [Results
              in Mathematics and Related Areas (3)]},
    VOLUME = {22},
      NOTE = {With an appendix by David Mumford},
 PUBLISHER = {Springer-Verlag, Berlin},
      YEAR = {1990},
     PAGES = {xii+316}
}


@phdthesis{AlpogeThesis,
	Author = {Alpoge, L.},
	School = {Princeton University},
	Title = {Points on Curves},
	Year = {2020}
}

		
@article {Pazuki:12,
    AUTHOR = {F.~Pazuki},
     TITLE = {Theta height and {F}altings height},
   JOURNAL = {Bull. Soc. Math. France},
  FJOURNAL = {Bulletin de la Soci\'{e}t\'{e} Math\'{e}matique de France},
    VOLUME = {140},
      YEAR = {2012},
    NUMBER = {1},
     PAGES = {19--49},
      ISSN = {0037-9484}
}

@article {Lang:Division,
    AUTHOR = {S.~Lang},
     TITLE = {Division points on curves},
   JOURNAL = {Ann. Mat. Pura Appl. (4)},
    VOLUME = {70},
      YEAR = {1965},
     PAGES = {229--234},
      ISSN = {0003-4622}
}

@article {Raynaud:MMcurves,
    AUTHOR = {Raynaud, M.},
     TITLE = {Courbes sur une vari\'{e}t\'{e} ab\'{e}lienne et points de torsion},
   JOURNAL = {Invent. Math.},
    VOLUME = {71},
      YEAR = {1983},
    NUMBER = {1},
     PAGES = {207--233}
}

@article{Kuehne:21,
author = {K{\"u}hne, L.},
title = {{E}quidistribution in {F}amilies of {A}belian {V}arieties and {U}niformity},
journal = {{arXiv}:2101.10272},
year = {2021}
}

@article{DGHBog,
	author = {V.~Dimitrov and Z.~Gao and P.~Habegger},
	title = {A consequence of the relative {B}ogomolov conjecture},
   JOURNAL = {arXiv: 2009.08505},
   year = {2020}
}

@article{GaoSurveyUML,
author = {Gao, Z.},
title = {Recent developments of the uniform {M}ordell--{L}ang conjecture},
year = {2021}
}

@article {vdD:TS86,
    AUTHOR = {van den Dries, L.},
     TITLE = {A generalization of the {T}arski-{S}eidenberg theorem, and
              some nondefinability results},
   JOURNAL = {Bull. Amer. Math. Soc. (N.S.)},
     VOLUME = {15},
      YEAR = {1986},
    NUMBER = {2},
     PAGES = {189--193}
}

@article {Kawamata:Bloch,
    AUTHOR = {Kawamata, Y.},
     TITLE = {On {B}loch's conjecture},
   JOURNAL = {Invent. Math.},
    VOLUME = {57},
      YEAR = {1980},
    NUMBER = {1},
     PAGES = {97--100}
}
@article {abramovich,
    AUTHOR = {Abramovich, D.},
     TITLE = {Subvarieties of semiabelian varieties},
   JOURNAL = {Compositio Math.},
    VOLUME = {90},
      YEAR = {1994},
    NUMBER = {1},
     PAGES = {37--52}
}
@article {BombieriZannier:algptsav,
    AUTHOR = {Bombieri, E. and Zannier, U.},
     TITLE = {Heights of algebraic points on subvarieties of abelian
              varieties},
   JOURNAL = {Ann. Scuola Norm. Sup. Pisa Cl. Sci. (4)},
    VOLUME = {23},
      YEAR = {1996},
    NUMBER = {4},
     PAGES = {779--792 (1997)}
}
@article {BMZ:effectiveAO,
    AUTHOR = {Bilu, Yu. and Masser, D. and Zannier, U.},
     TITLE = {An effective ``theorem of {A}ndr\'{e}'' for {$CM$}-points on a
              plane curve},
   JOURNAL = {Math. Proc. Cambridge Philos. Soc.},
    VOLUME = {154},
      YEAR = {2013},
    NUMBER = {1},
     PAGES = {145--152}
}
@article {Kuehne:effectiveAO,
    AUTHOR = {K\"{u}hne, L.},
     TITLE = {An effective result of {A}ndr\'{e}-{O}ort type},
   JOURNAL = {Ann. of Math. (2)},
    VOLUME = {176},
      YEAR = {2012},
    NUMBER = {1},
     PAGES = {651--671}
}
@article {Serre:chebotareveff,
    AUTHOR = {Serre, J.-P.},
     TITLE = {Quelques applications du th\'{e}or\`eme de densit\'{e} de {C}hebotarev},
   JOURNAL = {Inst. Hautes \'{E}tudes Sci. Publ. Math.},
    NUMBER = {54},
      YEAR = {1981},
     PAGES = {323--401}
}
@article {BombieriPila,
    AUTHOR = {Bombieri, E. and Pila, J.},
     TITLE = {The number of integral points on arcs and ovals},
   JOURNAL = {Duke Math. J.},
    VOLUME = {59},
      YEAR = {1989},
    NUMBER = {2},
     PAGES = {337--357}
}
@article {Pila:Subanalytic,
    AUTHOR = {Pila, J.},
     TITLE = {Rational points on a subanalytic surface},
   JOURNAL = {Ann. Inst. Fourier (Grenoble)},
  FJOURNAL = {Universit\'{e} de Grenoble. Annales de l'Institut Fourier},
    VOLUME = {55},
      YEAR = {2005},
    NUMBER = {5},
     PAGES = {1501--1516}
}
@article {Surroca:IMRN,
    AUTHOR = {Surroca, A.},
     TITLE = {Valeurs alg\'{e}briques de fonctions transcendantes},
   JOURNAL = {Int. Math. Res. Not.},
      YEAR = {2006},
     PAGES = {Art. ID 16834, 31}
}
@article {PS:Duke13,
    AUTHOR = {Peterzil, Ya'acov and Starchenko, Sergei},
     TITLE = {Definability of restricted theta functions and families of
              abelian varieties},
   JOURNAL = {Duke Math. J.},
    VOLUME = {162},
      YEAR = {2013},
    NUMBER = {4},
     PAGES = {731--765}
}
@article {Dobrowolski:79,
    AUTHOR = {Dobrowolski, E.},
     TITLE = {On a question of {L}ehmer and the number of irreducible
              factors of a polynomial},
   JOURNAL = {Acta Arith.},
    VOLUME = {34},
      YEAR = {1979},
    NUMBER = {4},
     PAGES = {391--401}
}
@article {Dimitrov:SZ,
author={Dimitrov, V.},
title = {A {P}roof of the {S}chinzel-{Z}assenhaus {C}onjecture on {P}olynomials},
year = {2019 preprint arXiv:1912.12545}
}

@article{BarroeroDill:ENS,
author={Barroero, F. and Dill, G.},
title= {{O}n the {Z}ilber-{P}ink conjecture for complex abelian varieties},
journal={To appear in {A}nnales {S}cientifiques de l'{\'E}cole {N}ormale Sup{\'e}rieure}
}
